<?xml version="1.0" encoding="UTF-8"?>
<!DOCTYPE html PUBLIC "-//W3C//DTD XHTML 1.0 Transitional//EN"
    "http://www.w3.org/TR/xhtml1/DTD/xhtml1-transitional.dtd">
<html xmlns="http://www.w3.org/1999/xhtml" xml:lang="en" lang="en">
 <head>
  <title>
</title>
<meta http-equiv="Content-Type" content="text/html;charset=utf-8" />
  <meta name='ocr-system' content='tesseract 3.04.00' />
  <meta name='ocr-capabilities' content='ocr_page ocr_carea ocr_par ocr_line ocrx_word'/>
</head>
<body>
  <div class='ocr_page' id='page_1' title='image "./destatuumdoctri00jaengoog_0144.png"; bbox 0 0 3198 5054; ppageno 0'>
   <div class='ocr_carea' id='block_1_1' title="bbox 625 397 869 464">
    <p class='ocr_par' dir='ltr' id='par_1_1' title="bbox 625 397 869 464">
     <span class='ocr_line' id='line_1_1' title="bbox 625 397 869 464; baseline 0 -1"><span class='ocrx_word' id='word_1_1' title='bbox 625 397 869 464; x_wconf 80' lang='lat'>-129—</span> 
     </span>
    </p>
   </div>
   <div class='ocr_carea' id='block_1_2' title="bbox 108 577 1386 3014">
    <p class='ocr_par' dir='ltr' id='par_1_2' title="bbox 178 577 1306 2051">
     <span class='ocr_line' id='line_1_2' title="bbox 180 577 1305 662; baseline 0 -20"><span class='ocrx_word' id='word_1_2' title='bbox 180 581 367 662; x_wconf 83' lang='grc' dir='ltr'><strong><em>πράγματος</em></strong></span> <span class='ocrx_word' id='word_1_3' title='bbox 388 578 566 660; x_wconf 77' lang='grc' dir='ltr'><strong><em>μέλλοντος,</em></strong></span> <span class='ocrx_word' id='word_1_4' title='bbox 595 580 625 642; x_wconf 84' lang='grc' dir='ltr'>εἰ</span> <span class='ocrx_word' id='word_1_5' title='bbox 646 577 696 642; x_wconf 80' lang='grc' dir='ltr'>δεῖ</span> <span class='ocrx_word' id='word_1_6' title='bbox 715 578 863 659; x_wconf 75' lang='grc' dir='ltr'><strong><em>γενέσθαι</em></strong></span> <span class='ocrx_word' id='word_1_7' title='bbox 889 577 962 642; x_wconf 81' lang='grc' dir='ltr'><em>τόδε</em></span> <span class='ocrx_word' id='word_1_8' title='bbox 988 602 1014 640; x_wconf 85' lang='grc' dir='ltr'>ιι</span> <span class='ocrx_word' id='word_1_9' title='bbox 1038 581 1057 660; x_wconf 84' lang='grc' dir='ltr'><em>ἢ</em></span> <span class='ocrx_word' id='word_1_10' title='bbox 1081 579 1127 661; x_wconf 87' lang='grc' dir='ltr'>μὴ</span> <span class='ocrx_word' id='word_1_11' title='bbox 1152 579 1305 660; x_wconf 72' lang='grc' dir='ltr'><strong><em>γενέσθαι,</em></strong></span> 
     </span>
     <span class='ocr_line' id='line_1_3' title="bbox 183 684 1306 768; baseline -0.001 -18"><span class='ocrx_word' id='word_1_12' title='bbox 183 687 293 750; x_wconf 82' lang='grc' dir='ltr'><strong><em>δοῦναι</em></strong></span> <span class='ocrx_word' id='word_1_13' title='bbox 315 689 335 768; x_wconf 81' lang='grc' dir='ltr'><em>ἢ</em></span> <span class='ocrx_word' id='word_1_14' title='bbox 358 684 404 768; x_wconf 87' lang='grc' dir='ltr'>μὴ</span> <span class='ocrx_word' id='word_1_15' title='bbox 430 685 550 765; x_wconf 80' lang='grc' dir='ltr'><strong><em>δοῦναι,</em></strong></span> <span class='ocrx_word' id='word_1_16' title='bbox 576 685 644 748; x_wconf 87' lang='grc' dir='ltr'><em>οἷον</em></span> <span class='ocrx_word' id='word_1_17' title='bbox 659 685 864 768; x_wconf 74' lang='grc' dir='ltr'><strong><em>βουλεύονται</em></strong></span> <span class='ocrx_word' id='word_1_18' title='bbox 875 684 1047 767; x_wconf 72' lang='grc' dir='ltr'><strong><em>Ἀθηναῖοι,</em></strong></span> <span class='ocrx_word' id='word_1_19' title='bbox 1072 686 1101 748; x_wconf 85' lang='grc' dir='ltr'>εἰ</span> <span class='ocrx_word' id='word_1_20' title='bbox 1114 685 1164 749; x_wconf 79' lang='grc' dir='ltr'>δεῖ</span> <span class='ocrx_word' id='word_1_21' title='bbox 1174 685 1306 749; x_wconf 75' lang='grc' dir='ltr'><strong><em>θάπτειν</em></strong></span> 
     </span>
     <span class='ocr_line' id='line_1_4' title="bbox 181 789 1303 876; baseline 0 -21"><span class='ocrx_word' id='word_1_22' title='bbox 181 792 254 863; x_wconf 85' lang='grc' dir='ltr'><em>τοὺς</em></span> <span class='ocrx_word' id='word_1_23' title='bbox 278 793 311 856; x_wconf 84' lang='grc' dir='ltr'>ἒν</span> <span class='ocrx_word' id='word_1_24' title='bbox 333 791 521 874; x_wconf 68' lang='grc' dir='ltr'><strong><em>Μαραθῶνι</em></strong></span> <span class='ocrx_word' id='word_1_25' title='bbox 544 792 696 862; x_wconf 74' lang='grc' dir='ltr'><strong><em>πεσόντας</em></strong></span> <span class='ocrx_word' id='word_1_26' title='bbox 718 796 783 854; x_wconf 83' lang='grc' dir='ltr'>τῶν</span> <span class='ocrx_word' id='word_1_27' title='bbox 806 793 991 875; x_wconf 80' lang='grc' dir='ltr'><strong><em>βαρβάρων.</em></strong></span> <span class='ocrx_word' id='word_1_28' title='bbox 1027 789 1099 855; x_wconf 81' lang='lat' dir='ltr'>Iam</span> <span class='ocrx_word' id='word_1_29' title='bbox 1122 791 1303 876; x_wconf 79' lang='lat' dir='ltr'>reperimus</span> 
     </span>
     <span class='ocr_line' id='line_1_5' title="bbox 183 896 1303 983; baseline 0.002 -21"><span class='ocrx_word' id='word_1_30' title='bbox 183 918 305 965; x_wconf 92' lang='lat' dir='ltr'>nomen</span> <span class='ocrx_word' id='word_1_31' title='bbox 328 905 549 981; x_wconf 78' lang='grc' dir='ltr'><strong><em>πραγματικοῦ</em></strong></span> <span class='ocrx_word' id='word_1_32' title='bbox 580 896 710 983; x_wconf 90' lang='lat' dir='ltr'>proprie</span> <span class='ocrx_word' id='word_1_33' title='bbox 734 896 922 980; x_wconf 84' lang='lat' dir='ltr'>significare</span> <span class='ocrx_word' id='word_1_34' title='bbox 946 917 1032 978; x_wconf 84' lang='lat' dir='ltr'>eum,</span> <span class='ocrx_word' id='word_1_35' title='bbox 1062 897 1119 983; x_wconf 92' lang='lat' dir='ltr'>qui</span> <span class='ocrx_word' id='word_1_36' title='bbox 1145 897 1180 964; x_wconf 91' lang='lat' dir='ltr'>in</span> <span class='ocrx_word' id='word_1_37' title='bbox 1203 897 1303 964; x_wconf 91' lang='lat' dir='ltr'>rebus</span> 
     </span>
     <span class='ocr_line' id='line_1_6' title="bbox 182 1003 1302 1089; baseline -0.001 -19"><span class='ocrx_word' id='word_1_38' title='bbox 182 1003 352 1087; x_wconf 82' lang='lat' dir='ltr'>gerendis,</span> <span class='ocrx_word' id='word_1_39' title='bbox 395 1003 555 1089; x_wconf 87' lang='lat' dir='ltr'><strong>imprimis</strong></span> <span class='ocrx_word' id='word_1_40' title='bbox 594 1003 629 1068; x_wconf 94' lang='lat' dir='ltr'>in</span> <span class='ocrx_word' id='word_1_41' title='bbox 668 1003 812 1086; x_wconf 88' lang='lat' dir='ltr'>negotiis</span> <span class='ocrx_word' id='word_1_42' title='bbox 851 1003 990 1088; x_wconf 87' lang='lat' dir='ltr'>publicis</span> <span class='ocrx_word' id='word_1_43' title='bbox 1021 1007 1177 1070; x_wconf 90' lang='lat' dir='ltr'>versatus</span> <span class='ocrx_word' id='word_1_44' title='bbox 1209 1005 1302 1086; x_wconf 84' lang='lat' dir='ltr'>est.¹)</span> 
     </span>
     <span class='ocr_line' id='line_1_7' title="bbox 181 1109 1303 1196; baseline 0 -20"><span class='ocrx_word' id='word_1_45' title='bbox 181 1110 276 1191; x_wconf 78' lang='lat' dir='ltr'>Quod</span> <span class='ocrx_word' id='word_1_46' title='bbox 306 1131 382 1176; x_wconf 90' lang='lat' dir='ltr'>cum</span> <span class='ocrx_word' id='word_1_47' title='bbox 409 1111 538 1176; x_wconf 89' lang='lat' dir='ltr'>notioni</span> <span class='ocrx_word' id='word_1_48' title='bbox 561 1112 595 1174; x_wconf 90' lang='lat' dir='ltr'>et</span> <span class='ocrx_word' id='word_1_49' title='bbox 619 1110 723 1176; x_wconf 81' lang='lat' dir='ltr'>civilis</span> <span class='ocrx_word' id='word_1_50' title='bbox 748 1110 954 1196; x_wconf 84' lang='lat' dir='ltr'><strong>quaestionis</strong></span> <span class='ocrx_word' id='word_1_51' title='bbox 979 1113 1013 1176; x_wconf 88' lang='lat' dir='ltr'>et</span> <span class='ocrx_word' id='word_1_52' title='bbox 1036 1131 1159 1176; x_wconf 84' lang='lat' dir='ltr'>causae</span> <span class='ocrx_word' id='word_1_53' title='bbox 1176 1109 1303 1176; x_wconf 80' lang='lat' dir='ltr'>debba-</span> 
     </span>
     <span class='ocr_line' id='line_1_8' title="bbox 180 1215 1303 1303; baseline 0 -21"><span class='ocrx_word' id='word_1_54' title='bbox 180 1218 342 1299; x_wconf 70' lang='lat' dir='ltr'>rativaeq</span> <span class='ocrx_word' id='word_1_55' title='bbox 373 1237 507 1303; x_wconf 90' lang='lat' dir='ltr'>prorsus</span> <span class='ocrx_word' id='word_1_56' title='bbox 530 1215 746 1302; x_wconf 80' lang='lat' dir='ltr'>respondeat,</span> <span class='ocrx_word' id='word_1_57' title='bbox 780 1215 998 1301; x_wconf 83' lang='lat' dir='ltr'>Hermogenis</span> <span class='ocrx_word' id='word_1_58' title='bbox 1031 1217 1303 1303; x_wconf 81' lang='lat' dir='ltr'>explanationem</span> 
     </span>
     <span class='ocr_line' id='line_1_9' title="bbox 179 1322 1301 1410; baseline -0.001 -22"><span class='ocrx_word' id='word_1_59' title='bbox 179 1333 233 1408; x_wconf 82' lang='grc' dir='ltr'>τῆς</span> <span class='ocrx_word' id='word_1_60' title='bbox 255 1331 483 1408; x_wconf 75' lang='grc' dir='ltr'><strong><em>πραγματικῆς,</em></strong></span> <span class='ocrx_word' id='word_1_61' title='bbox 516 1344 583 1409; x_wconf 88' lang='lat' dir='ltr'>qua</span> <span class='ocrx_word' id='word_1_62' title='bbox 605 1323 781 1409; x_wconf 89' lang='lat' dir='ltr'>peculiaris</span> <span class='ocrx_word' id='word_1_63' title='bbox 813 1345 890 1410; x_wconf 91' lang='lat' dir='ltr'>pars</span> <span class='ocrx_word' id='word_1_64' title='bbox 915 1322 1134 1391; x_wconf 87' lang='lat' dir='ltr'>deliberativa</span> <span class='ocrx_word' id='word_1_65' title='bbox 1164 1323 1301 1409; x_wconf 89' lang='lat' dir='ltr'>tollitur,</span> 
     </span>
     <span class='ocr_line' id='line_1_10' title="bbox 182 1429 1302 1518; baseline 0 -22"><span class='ocrx_word' id='word_1_66' title='bbox 182 1431 329 1516; x_wconf 90' lang='lat' dir='ltr'>accipere</span> <span class='ocrx_word' id='word_1_67' title='bbox 353 1451 422 1496; x_wconf 91' lang='lat' dir='ltr'>non</span> <span class='ocrx_word' id='word_1_68' title='bbox 445 1429 634 1518; x_wconf 66' lang='lat' dir='ltr'>veremurl)</span> <span class='ocrx_word' id='word_1_69' title='bbox 680 1429 797 1516; x_wconf 85' lang='lat' dir='ltr'>Itaque</span> <span class='ocrx_word' id='word_1_70' title='bbox 822 1429 903 1496; x_wconf 90' lang='lat' dir='ltr'>item</span> <span class='ocrx_word' id='word_1_71' title='bbox 927 1434 1029 1517; x_wconf 91' lang='lat' dir='ltr'>atque</span> <span class='ocrx_word' id='word_1_72' title='bbox 1053 1430 1144 1496; x_wconf 92' lang='lat' dir='ltr'>huno</span> <span class='ocrx_word' id='word_1_73' title='bbox 1159 1429 1302 1496; x_wconf 87' lang='lat' dir='ltr'>Herma-</span> 
     </span>
     <span class='ocr_line' id='line_1_11' title="bbox 179 1535 1302 1624; baseline 0 -20"><span class='ocrx_word' id='word_1_74' title='bbox 179 1559 293 1622; x_wconf 88' lang='lat' dir='ltr'>goram</span> <span class='ocrx_word' id='word_1_75' title='bbox 332 1536 531 1624; x_wconf 74' lang='lat' dir='ltr'>qualitatem</span> <span class='ocrx_word' id='word_1_76' title='bbox 569 1537 768 1604; x_wconf 67' lang='lat' dir='ltr'>rationalem</span> <span class='ocrx_word' id='word_1_77' title='bbox 799 1538 834 1602; x_wconf 93' lang='lat' dir='ltr'>in</span> <span class='ocrx_word' id='word_1_78' title='bbox 874 1535 1091 1604; x_wconf 86' lang='lat' dir='ltr'>iuridicialem</span> <span class='ocrx_word' id='word_1_79' title='bbox 1130 1541 1165 1603; x_wconf 90' lang='lat' dir='ltr'>et</span> <span class='ocrx_word' id='word_1_80' title='bbox 1199 1557 1302 1621; x_wconf 89' lang='lat' dir='ltr'>nego-</span> 
     </span>
     <span class='ocr_line' id='line_1_12' title="bbox 179 1643 1301 1728; baseline -0.001 -17"><span class='ocrx_word' id='word_1_81' title='bbox 179 1645 295 1711; x_wconf 92' lang='lat' dir='ltr'>tialem</span> <span class='ocrx_word' id='word_1_82' title='bbox 312 1643 464 1712; x_wconf 81' lang='lat' dir='ltr'>divisisse</span> <span class='ocrx_word' id='word_1_83' title='bbox 489 1647 533 1728; x_wconf 85' lang='lat' dir='ltr'>et,</span> <span class='ocrx_word' id='word_1_84' title='bbox 558 1665 634 1710; x_wconf 93' lang='lat' dir='ltr'>cum</span> <span class='ocrx_word' id='word_1_85' title='bbox 658 1643 701 1710; x_wconf 88' lang='lat' dir='ltr'>ed</span> <span class='ocrx_word' id='word_1_86' title='bbox 724 1646 834 1710; x_wconf 89' lang='lat' dir='ltr'>totam</span> <span class='ocrx_word' id='word_1_87' title='bbox 858 1647 1010 1710; x_wconf 89' lang='lat' dir='ltr'>statuum</span> <span class='ocrx_word' id='word_1_88' title='bbox 1031 1643 1301 1710; x_wconf 87' lang='lat' dir='ltr'>distributionem</span> 
     </span>
     <span class='ocr_line' id='line_1_13' title="bbox 179 1750 1301 1837; baseline -0.001 -21"><span class='ocrx_word' id='word_1_89' title='bbox 179 1751 396 1834; x_wconf 81' lang='lat' dir='ltr'>Hermogenis</span> <span class='ocrx_word' id='word_1_90' title='bbox 436 1771 614 1817; x_wconf 82' lang='lat' dir='ltr'>excussam</span> <span class='ocrx_word' id='word_1_91' title='bbox 651 1751 856 1837; x_wconf 85' lang='lat' dir='ltr'>respicimus,</span> <span class='ocrx_word' id='word_1_92' title='bbox 896 1751 986 1816; x_wconf 90' lang='lat' dir='ltr'>bunc</span> <span class='ocrx_word' id='word_1_93' title='bbox 1023 1752 1058 1817; x_wconf 90' lang='lat' dir='ltr'>in</span> <span class='ocrx_word' id='word_1_94' title='bbox 1098 1773 1140 1816; x_wconf 88' lang='lat' dir='ltr'>ea</span> <span class='ocrx_word' id='word_1_95' title='bbox 1173 1750 1301 1817; x_wconf 83' lang='lat' dir='ltr'>Temnii</span> 
     </span>
     <span class='ocr_line' id='line_1_14' title="bbox 179 1857 1301 1944; baseline -0.001 -19"><span class='ocrx_word' id='word_1_96' title='bbox 179 1857 323 1940; x_wconf 88' lang='lat' dir='ltr'>vestigia</span> <span class='ocrx_word' id='word_1_97' title='bbox 345 1857 489 1924; x_wconf 86' lang='lat' dir='ltr'>fideliter</span> <span class='ocrx_word' id='word_1_98' title='bbox 513 1878 587 1924; x_wconf 89' lang='lat' dir='ltr'>esse</span> <span class='ocrx_word' id='word_1_99' title='bbox 603 1860 815 1944; x_wconf 88' lang='lat' dir='ltr'>persecutum</span> <span class='ocrx_word' id='word_1_100' title='bbox 833 1858 1065 1944; x_wconf 82' lang='lat' dir='ltr'>comprobasse</span> <span class='ocrx_word' id='word_1_101' title='bbox 1082 1857 1164 1924; x_wconf 91' lang='lat' dir='ltr'>mihi</span> <span class='ocrx_word' id='word_1_102' title='bbox 1178 1857 1301 1924; x_wconf 85' lang='lat' dir='ltr'>videor.</span> 
     </span>
     <span class='ocr_line' id='line_1_15' title="bbox 178 1963 1300 2051; baseline 0.001 -22"><span class='ocrx_word' id='word_1_103' title='bbox 178 1963 229 2030; x_wconf 81' lang='lat' dir='ltr'>Hx</span> <span class='ocrx_word' id='word_1_104' title='bbox 253 1985 318 2050; x_wconf 91' lang='lat' dir='ltr'>quo</span> <span class='ocrx_word' id='word_1_105' title='bbox 342 1963 488 2031; x_wconf 84' lang='lat' dir='ltr'>efficitur</span> <span class='ocrx_word' id='word_1_106' title='bbox 509 1963 554 2046; x_wconf 90' lang='lat' dir='ltr'>id,</span> <span class='ocrx_word' id='word_1_107' title='bbox 579 1964 668 2050; x_wconf 92' lang='lat' dir='ltr'>quod</span> <span class='ocrx_word' id='word_1_108' title='bbox 690 1965 724 2030; x_wconf 93' lang='lat' dir='ltr'>in</span> <span class='ocrx_word' id='word_1_109' title='bbox 750 1964 859 2051; x_wconf 86' lang='lat' dir='ltr'>capite</span> <span class='ocrx_word' id='word_1_110' title='bbox 888 1964 993 2030; x_wconf 89' lang='lat' dir='ltr'>altero</span> <span class='ocrx_word' id='word_1_111' title='bbox 1019 1964 1058 2030; x_wconf 92' lang='lat' dir='ltr'>de</span> <span class='ocrx_word' id='word_1_112' title='bbox 1082 1963 1300 2047; x_wconf 87' lang='lat' dir='ltr'>Hermogenis</span> 
     </span>
    </p>

    <p class='ocr_par' dir='ltr' id='par_1_3' title="bbox 108 2070 1386 2262">
     <span class='ocr_line' id='line_1_16' title="bbox 178 2070 1386 2158; baseline -0.001 -20"><span class='ocrx_word' id='word_1_113' title='bbox 178 2072 308 2138; x_wconf 86' lang='lat' dir='ltr'>ratione</span> <span class='ocrx_word' id='word_1_114' title='bbox 339 2070 555 2158; x_wconf 90' lang='lat' dir='ltr'>dispertiendi</span> <span class='ocrx_word' id='word_1_115' title='bbox 588 2093 608 2136; x_wconf 91' lang='lat' dir='ltr'>a</span> <span class='ocrx_word' id='word_1_116' title='bbox 641 2071 761 2137; x_wconf 83' lang='lat' dir='ltr'>Stoicis</span> <span class='ocrx_word' id='word_1_117' title='bbox 792 2071 901 2157; x_wconf 86' lang='lat' dir='ltr'>petita</span> <span class='ocrx_word' id='word_1_118' title='bbox 936 2070 1202 2138; x_wconf 90' lang='lat' dir='ltr'>demonstratum</span> <span class='ocrx_word' id='word_1_119' title='bbox 1237 2075 1299 2156; x_wconf 88' lang='lat' dir='ltr'>est,</span> <span class='ocrx_word' id='word_1_120' title='bbox 1380 2097 1386 2108; x_wconf 94' lang='lat'><strong>·</strong></span> 
     </span>
     <span class='ocr_line' id='line_1_17' title="bbox 108 2161 888 2262; baseline 0 -18"><span class='ocrx_word' id='word_1_121' title='bbox 108 2161 114 2170; x_wconf 66' lang='grc'>’</span> <span class='ocrx_word' id='word_1_122' title='bbox 181 2179 224 2244; x_wconf 92' lang='lat' dir='ltr'>ad</span> <span class='ocrx_word' id='word_1_123' title='bbox 246 2179 487 2262; x_wconf 86' lang='lat' dir='ltr'>Hermagoram</span> <span class='ocrx_word' id='word_1_124' title='bbox 510 2178 780 2245; x_wconf 86' lang='lat' dir='ltr'>transferendum</span> <span class='ocrx_word' id='word_1_125' title='bbox 806 2199 888 2245; x_wconf 90' lang='lat' dir='ltr'>esse.</span> 
     </span>
    </p>

    <p class='ocr_par' dir='ltr' id='par_1_4' title="bbox 178 2284 1320 3014">
     <span class='ocr_line' id='line_1_18' title="bbox 268 2284 1299 2372; baseline 0 -22"><span class='ocrx_word' id='word_1_126' title='bbox 268 2284 334 2350; x_wconf 82' lang='lat' dir='ltr'>Sed</span> <span class='ocrx_word' id='word_1_127' title='bbox 349 2287 384 2350; x_wconf 91' lang='lat' dir='ltr'>in</span> <span class='ocrx_word' id='word_1_128' title='bbox 397 2288 596 2368; x_wconf 89' lang='lat' dir='ltr'>argumenta</span> <span class='ocrx_word' id='word_1_129' title='bbox 608 2285 747 2369; x_wconf 89' lang='lat' dir='ltr'>singulis</span> <span class='ocrx_word' id='word_1_130' title='bbox 761 2305 940 2352; x_wconf 88' lang='lat' dir='ltr'>causarum</span> <span class='ocrx_word' id='word_1_131' title='bbox 952 2285 1128 2370; x_wconf 88' lang='lat' dir='ltr'>generibus</span> <span class='ocrx_word' id='word_1_132' title='bbox 1144 2287 1299 2372; x_wconf 80' lang='lat' dir='ltr'>parata,⁴)</span> 
     </span>
     <span class='ocr_line' id='line_1_19' title="bbox 180 2391 1301 2478; baseline 0.001 -21"><span class='ocrx_word' id='word_1_133' title='bbox 180 2392 299 2478; x_wconf 90' lang='lat' dir='ltr'>quibus</span> <span class='ocrx_word' id='word_1_134' title='bbox 323 2393 482 2458; x_wconf 81' lang='lat' dir='ltr'>&#39;lemnius</span> <span class='ocrx_word' id='word_1_135' title='bbox 511 2393 635 2459; x_wconf 90' lang='lat' dir='ltr'>oratori</span> <span class='ocrx_word' id='word_1_136' title='bbox 666 2391 849 2478; x_wconf 79' lang='lat' dir='ltr'>»quasdam</span> <span class='ocrx_word' id='word_1_137' title='bbox 880 2414 988 2458; x_wconf 89' lang='lat' dir='ltr'>errare</span> <span class='ocrx_word' id='word_1_138' title='bbox 1011 2395 1046 2458; x_wconf 91' lang='lat' dir='ltr'>in</span> <span class='ocrx_word' id='word_1_139' title='bbox 1070 2393 1208 2459; x_wconf 89' lang='lat' dir='ltr'>dicendo</span> <span class='ocrx_word' id='word_1_140' title='bbox 1232 2413 1301 2458; x_wconf 91' lang='lat' dir='ltr'>non</span> 
     </span>
     <span class='ocr_line' id='line_1_20' title="bbox 179 2499 1302 2586; baseline 0.002 -22"><span class='ocrx_word' id='word_1_141' title='bbox 179 2500 346 2584; x_wconf 90' lang='lat' dir='ltr'>patientes</span> <span class='ocrx_word' id='word_1_142' title='bbox 369 2499 461 2565; x_wconf 81' lang='lat' dir='ltr'>vias«</span> <span class='ocrx_word' id='word_1_143' title='bbox 476 2501 498 2580; x_wconf 78' lang='lat'>⁶)</span> <span class='ocrx_word' id='word_1_144' title='bbox 530 2499 743 2582; x_wconf 88' lang='lat' dir='ltr'>monstravit,</span> <span class='ocrx_word' id='word_1_145' title='bbox 774 2499 941 2586; x_wconf 89' lang='lat' dir='ltr'>inquirere</span> <span class='ocrx_word' id='word_1_146' title='bbox 968 2521 1030 2565; x_wconf 92' lang='lat' dir='ltr'>nos</span> <span class='ocrx_word' id='word_1_147' title='bbox 1060 2520 1214 2566; x_wconf 88' lang='lat' dir='ltr'>recusare</span> <span class='ocrx_word' id='word_1_148' title='bbox 1238 2522 1302 2566; x_wconf 83' lang='lat' dir='ltr'>ne·</span> 
     </span>
     <span class='ocr_line' id='line_1_21' title="bbox 180 2606 1297 2692; baseline 0.001 -21"><span class='ocrx_word' id='word_1_149' title='bbox 180 2626 270 2672; x_wconf 91' lang='lat' dir='ltr'>cesse</span> <span class='ocrx_word' id='word_1_150' title='bbox 303 2609 372 2689; x_wconf 88' lang='lat' dir='ltr'>est,</span> <span class='ocrx_word' id='word_1_151' title='bbox 409 2628 502 2688; x_wconf 89' lang='lat' dir='ltr'>eum,</span> <span class='ocrx_word' id='word_1_152' title='bbox 534 2608 663 2673; x_wconf 89' lang='lat' dir='ltr'>utiam</span> <span class='ocrx_word' id='word_1_153' title='bbox 694 2627 796 2692; x_wconf 88' lang='lat' dir='ltr'>supra</span> <span class='ocrx_word' id='word_1_154' title='bbox 826 2628 857 2692; x_wconf 90' lang='lat' dir='ltr'>p.</span> <span class='ocrx_word' id='word_1_155' title='bbox 881 2607 924 2674; x_wconf 87' lang='grc'>89</span> <span class='ocrx_word' id='word_1_156' title='bbox 956 2606 1030 2672; x_wconf 87' lang='lat' dir='ltr'>adn.</span> <span class='ocrx_word' id='word_1_157' title='bbox 1055 2607 1075 2672; x_wconf 81' lang='lat'>5</span> <span class='ocrx_word' id='word_1_158' title='bbox 1104 2607 1297 2690; x_wconf 83' lang='lat' dir='ltr'>significavi,</span> 
     </span>
     <span class='ocr_line' id='line_1_22' title="bbox 180 2713 1320 2800; baseline 0.002 -22"><span class='ocrx_word' id='word_1_159' title='bbox 180 2713 275 2778; x_wconf 89' lang='lat' dir='ltr'>certis</span> <span class='ocrx_word' id='word_1_160' title='bbox 299 2713 500 2779; x_wconf 88' lang='lat' dir='ltr'>testimoniis</span> <span class='ocrx_word' id='word_1_161' title='bbox 526 2713 680 2779; x_wconf 90' lang='lat' dir='ltr'>destituti</span> <span class='ocrx_word' id='word_1_162' title='bbox 703 2713 808 2779; x_wconf 90' lang='lat' dir='ltr'>simus</span> <span class='ocrx_word' id='word_1_163' title='bbox 831 2735 940 2800; x_wconf 91' lang='lat' dir='ltr'>neque</span> <span class='ocrx_word' id='word_1_164' title='bbox 966 2713 1067 2780; x_wconf 89' lang='lat' dir='ltr'>ullam</span> <span class='ocrx_word' id='word_1_165' title='bbox 1090 2713 1160 2780; x_wconf 85' lang='lat' dir='ltr'>iere</span> <span class='ocrx_word' id='word_1_166' title='bbox 1181 2734 1320 2796; x_wconf 51' lang='lat' dir='ltr'>ansam¹</span> 
     </span>
     <span class='ocr_line' id='line_1_23' title="bbox 179 2818 1302 2908; baseline 0.002 -25"><span class='ocrx_word' id='word_1_167' title='bbox 179 2818 415 2906; x_wconf 87' lang='lat' dir='ltr'>disputationis</span> <span class='ocrx_word' id='word_1_168' title='bbox 451 2820 508 2886; x_wconf 90' lang='lat' dir='ltr'>det</span> <span class='ocrx_word' id='word_1_169' title='bbox 541 2820 693 2905; x_wconf 87' lang='lat' dir='ltr'>gradatio</span> <span class='ocrx_word' id='word_1_170' title='bbox 724 2823 1008 2904; x_wconf 78' lang='lat' dir='ltr'>argumentorum,</span> <span class='ocrx_word' id='word_1_171' title='bbox 1044 2842 1130 2908; x_wconf 87' lang='lat' dir='ltr'>quae</span> <span class='ocrx_word' id='word_1_172' title='bbox 1158 2820 1302 2886; x_wconf 85' lang='lat' dir='ltr'>rationis</span> 
     </span>
     <span class='ocr_line' id='line_1_24' title="bbox 178 2923 848 3014; baseline 0.003 -24"><span class='ocrx_word' id='word_1_173' title='bbox 178 2923 423 3010; x_wconf 86' lang='lat' dir='ltr'>Hermagoreae</span> <span class='ocrx_word' id='word_1_174' title='bbox 447 2928 580 3014; x_wconf 88' lang='lat' dir='ltr'>propria</span> <span class='ocrx_word' id='word_1_175' title='bbox 604 2949 676 2994; x_wconf 89' lang='lat' dir='ltr'>esse</span> <span class='ocrx_word' id='word_1_176' title='bbox 700 2926 848 3014; x_wconf 81' lang='lat' dir='ltr'>fertur.⁶)</span> 
     </span>
    </p>
   </div>
   <div class='ocr_carea' id='block_1_3' title="bbox 155 3103 1299 4066">
    <p class='ocr_par' dir='ltr' id='par_1_5' title="bbox 179 3103 1299 3264">
     <span class='ocr_line' id='line_1_25' title="bbox 267 3103 1299 3175; baseline 0 -17"><span class='ocrx_word' id='word_1_177' title='bbox 267 3106 289 3173; x_wconf 83' lang='grc'>1)</span> <span class='ocrx_word' id='word_1_178' title='bbox 309 3104 386 3160; x_wconf 85' lang='lat' dir='ltr'>Haec</span> <span class='ocrx_word' id='word_1_179' title='bbox 411 3105 454 3160; x_wconf 86' lang='lat' dir='ltr'>vis</span> <span class='ocrx_word' id='word_1_180' title='bbox 478 3105 542 3159; x_wconf 90' lang='lat' dir='ltr'>voci</span> <span class='ocrx_word' id='word_1_181' title='bbox 560 3107 745 3175; x_wconf 74' lang='grc' dir='ltr'><strong><em>πραγματικοῦ</em></strong></span> <span class='ocrx_word' id='word_1_182' title='bbox 764 3105 860 3158; x_wconf 88' lang='lat' dir='ltr'>multis</span> <span class='ocrx_word' id='word_1_183' title='bbox 878 3103 947 3159; x_wconf 85' lang='lat' dir='ltr'>loeis</span> <span class='ocrx_word' id='word_1_184' title='bbox 965 3105 1064 3174; x_wconf 90' lang='lat' dir='ltr'>Polyb.</span> <span class='ocrx_word' id='word_1_185' title='bbox 1084 3103 1150 3159; x_wconf 89' lang='lat' dir='ltr'>hist.</span> <span class='ocrx_word' id='word_1_186' title='bbox 1170 3104 1299 3159; x_wconf 85' lang='lat' dir='ltr'>subiecta</span> 
     </span>
     <span class='ocr_line' id='line_1_26' title="bbox 179 3173 1295 3264; baseline -0.001 -16"><span class='ocrx_word' id='word_1_187' title='bbox 179 3199 228 3249; x_wconf 86' lang='lat' dir='ltr'>est.</span> <span class='ocrx_word' id='word_1_188' title='bbox 265 3193 336 3248; x_wconf 90' lang='lat' dir='ltr'>Vide</span> <span class='ocrx_word' id='word_1_189' title='bbox 353 3196 500 3264; x_wconf 86' lang='lat' dir='ltr'>praeterea</span> <span class='ocrx_word' id='word_1_190' title='bbox 520 3194 747 3262; x_wconf 81' lang='lat' dir='ltr'>Quint.1121‚3;</span> <span class='ocrx_word' id='word_1_191' title='bbox 768 3193 881 3259; x_wconf 77' lang='lat'>1117,1.</span> <span class='ocrx_word' id='word_1_192' title='bbox 1251 3173 1295 3193; x_wconf 48' lang='grc' dir='ltr'>’ἱ</span> 
     </span>
    </p>

    <p class='ocr_par' dir='ltr' id='par_1_6' title="bbox 155 3282 1298 3886">
     <span class='ocr_line' id='line_1_27' title="bbox 266 3282 705 3353; baseline -0.002 -15"><span class='ocrx_word' id='word_1_193' title='bbox 266 3283 286 3353; x_wconf 78' lang='lat'>¹)</span> <span class='ocrx_word' id='word_1_194' title='bbox 304 3282 415 3339; x_wconf 90' lang='lat' dir='ltr'>Philod.</span> <span class='ocrx_word' id='word_1_195' title='bbox 434 3284 505 3338; x_wconf 90' lang='lat' dir='ltr'>rhet.</span> <span class='ocrx_word' id='word_1_196' title='bbox 525 3282 624 3348; x_wconf 79' lang='grc'>11209,</span> <span class='ocrx_word' id='word_1_197' title='bbox 635 3283 668 3337; x_wconf 87' lang='lat'>21</span> <span class='ocrx_word' id='word_1_198' title='bbox 678 3285 705 3338; x_wconf 78' lang='lat' dir='ltr'>S,</span> 
     </span>
     <span class='ocr_line' id='line_1_28' title="bbox 155 3369 1297 3443; baseline -0.002 -17"><span class='ocrx_word' id='word_1_199' title='bbox 155 3401 157 3406; x_wconf 85' lang='lat'><em>.</em></span> <span class='ocrx_word' id='word_1_200' title='bbox 267 3373 285 3439; x_wconf 76' lang='lat'>³)</span> <span class='ocrx_word' id='word_1_201' title='bbox 306 3373 359 3438; x_wconf 81' lang='lat' dir='ltr'>Qui</span> <span class='ocrx_word' id='word_1_202' title='bbox 376 3372 439 3428; x_wconf 90' lang='lat' dir='ltr'>fieri</span> <span class='ocrx_word' id='word_1_203' title='bbox 456 3373 589 3443; x_wconf 85' lang='lat' dir='ltr'>potuerit,</span> <span class='ocrx_word' id='word_1_204' title='bbox 609 3379 642 3426; x_wconf 93' lang='lat' dir='ltr'>ut</span> <span class='ocrx_word' id='word_1_205' title='bbox 661 3371 757 3427; x_wconf 81' lang='lat' dir='ltr'>Cicero</span> <span class='ocrx_word' id='word_1_206' title='bbox 777 3375 806 3426; x_wconf 88' lang='lat' dir='ltr'>et</span> <span class='ocrx_word' id='word_1_207' title='bbox 820 3371 1007 3439; x_wconf 85' lang='lat' dir='ltr'>Quintilianus</span> <span class='ocrx_word' id='word_1_208' title='bbox 1026 3371 1194 3443; x_wconf 84' lang='lat' dir='ltr'>qualitatem</span> <span class='ocrx_word' id='word_1_209' title='bbox 1212 3369 1297 3425; x_wconf 84' lang='lat' dir='ltr'>ratio-</span> 
     </span>
     <span class='ocr_line' id='line_1_29' title="bbox 178 3461 1298 3532; baseline 0 -19"><span class='ocrx_word' id='word_1_210' title='bbox 178 3462 270 3518; x_wconf 83' lang='lat' dir='ltr'>nalem</span> <span class='ocrx_word' id='word_1_211' title='bbox 294 3477 439 3532; x_wconf 84' lang='lat' dir='ltr'>perperam</span> <span class='ocrx_word' id='word_1_212' title='bbox 463 3461 651 3532; x_wconf 83' lang='lat' dir='ltr'>dispertirem,</span> <span class='ocrx_word' id='word_1_213' title='bbox 675 3461 760 3516; x_wconf 82' lang='lat' dir='ltr'>facile</span> <span class='ocrx_word' id='word_1_214' title='bbox 785 3478 820 3516; x_wconf 90' lang='lat' dir='ltr'>ex</span> <span class='ocrx_word' id='word_1_215' title='bbox 846 3478 879 3516; x_wconf 90' lang='lat' dir='ltr'>eo</span> <span class='ocrx_word' id='word_1_216' title='bbox 898 3461 1078 3530; x_wconf 88' lang='lat' dir='ltr'>intellegitur,</span> <span class='ocrx_word' id='word_1_217' title='bbox 1107 3461 1182 3532; x_wconf 90' lang='lat' dir='ltr'>quod</span> <span class='ocrx_word' id='word_1_218' title='bbox 1201 3475 1298 3514; x_wconf 89' lang='lat' dir='ltr'>eorum</span> 
     </span>
     <span class='ocr_line' id='line_1_30' title="bbox 178 3549 1298 3621; baseline -0.001 -18"><span class='ocrx_word' id='word_1_219' title='bbox 178 3552 308 3605; x_wconf 88' lang='lat' dir='ltr'>auctores</span> <span class='ocrx_word' id='word_1_220' title='bbox 330 3551 526 3621; x_wconf 87' lang='lat' dir='ltr'>pervulgatam</span> <span class='ocrx_word' id='word_1_221' title='bbox 552 3550 715 3605; x_wconf 88' lang='lat' dir='ltr'>divisionem</span> <span class='ocrx_word' id='word_1_222' title='bbox 740 3567 890 3605; x_wconf 86' lang='lat' dir='ltr'>causarum</span> <span class='ocrx_word' id='word_1_223' title='bbox 914 3550 1084 3619; x_wconf 84' lang='lat' dir='ltr'>tripartitam</span> <span class='ocrx_word' id='word_1_224' title='bbox 1109 3549 1298 3618; x_wconf 88' lang='lat' dir='ltr'>Hermagorae</span> 
     </span>
     <span class='ocr_line' id='line_1_31' title="bbox 179 3638 1297 3711; baseline -0.002 -18"><span class='ocrx_word' id='word_1_225' title='bbox 179 3639 331 3704; x_wconf 85' lang='lat' dir='ltr'>doctrinae,</span> <span class='ocrx_word' id='word_1_226' title='bbox 357 3656 440 3711; x_wconf 90' lang='lat' dir='ltr'>quem</span> <span class='ocrx_word' id='word_1_227' title='bbox 465 3639 541 3694; x_wconf 90' lang='lat' dir='ltr'>illam</span> <span class='ocrx_word' id='word_1_228' title='bbox 566 3639 696 3694; x_wconf 85' lang='lat' dir='ltr'>consulto</span> <span class='ocrx_word' id='word_1_229' title='bbox 723 3639 850 3694; x_wconf 88' lang='lat' dir='ltr'>omisisse</span> <span class='ocrx_word' id='word_1_230' title='bbox 874 3639 1031 3703; x_wconf 87' lang='lat' dir='ltr'>viderimus,</span> <span class='ocrx_word' id='word_1_231' title='bbox 1058 3638 1158 3692; x_wconf 88' lang='lat' dir='ltr'>inscite</span> <span class='ocrx_word' id='word_1_232' title='bbox 1177 3639 1297 3692; x_wconf 89' lang='lat' dir='ltr'>inculca·</span> 
     </span>
     <span class='ocr_line' id='line_1_32' title="bbox 178 3727 502 3886; baseline 0.006 -106"><span class='ocrx_word' id='word_1_233' title='bbox 178 3727 252 3782; x_wconf 88' lang='lat' dir='ltr'>visse</span> <span class='ocrx_word' id='word_1_234' title='bbox 265 3731 376 3886; x_wconf 49' lang='lat' dir='ltr'>paget.t</span> <span class='ocrx_word' id='word_1_235' title='bbox 398 3819 433 3872; x_wconf 63' lang='lat'>78</span> <span class='ocrx_word' id='word_1_236' title='bbox 451 3817 502 3871; x_wconf 76' lang='lat'>271</span> 
     </span>
    </p>

    <p class='ocr_par' dir='ltr' id='par_1_7' title="bbox 331 3833 512 3883">
     <span class='ocr_line' id='line_1_33' title="bbox 331 3833 512 3883; baseline 0 -11"><span class='ocrx_word' id='word_1_237' title='bbox 331 3833 384 3872; x_wconf 92' lang='lat' dir='ltr'>ru.</span> <span class='ocrx_word' id='word_1_238' title='bbox 435 3861 440 3883; x_wconf 84' lang='lat'><strong>,</strong></span> <span class='ocrx_word' id='word_1_239' title='bbox 506 3861 512 3872; x_wconf 94' lang='lat'><em>.</em></span> 
     </span>
    </p>

    <p class='ocr_par' dir='ltr' id='par_1_8' title="bbox 193 3905 503 3975">
     <span class='ocr_line' id='line_1_34' title="bbox 193 3905 503 3975; baseline 0.006 -15"><span class='ocrx_word' id='word_1_240' title='bbox 193 3905 196 3910; x_wconf 90' lang='grc'><strong>’</strong></span> <span class='ocrx_word' id='word_1_241' title='bbox 266 3907 286 3975; x_wconf 74' lang='lat'>³)</span> <span class='ocrx_word' id='word_1_242' title='bbox 306 3905 373 3962; x_wconf 91' lang='lat' dir='ltr'>lbid.</span> <span class='ocrx_word' id='word_1_243' title='bbox 387 3905 503 3973; x_wconf 80' lang='grc'><strong>76,263.</strong></span> 
     </span>
    </p>

    <p class='ocr_par' dir='ltr' id='par_1_9' title="bbox 266 3993 1010 4066">
     <span class='ocr_line' id='line_1_35' title="bbox 266 3993 1010 4066; baseline 0.001 -17"><span class='ocrx_word' id='word_1_244' title='bbox 266 3996 286 4066; x_wconf 77' lang='lat'>⁶)</span> <span class='ocrx_word' id='word_1_245' title='bbox 306 3995 371 4050; x_wconf 83' lang='lat' dir='ltr'>Tac.</span> <span class='ocrx_word' id='word_1_246' title='bbox 392 3997 457 4052; x_wconf 88' lang='lat' dir='ltr'>dial.</span> <span class='ocrx_word' id='word_1_247' title='bbox 478 4014 501 4051; x_wconf 89' lang='lat' dir='ltr'>c.</span> <span class='ocrx_word' id='word_1_248' title='bbox 517 3997 559 4052; x_wconf 84' lang='lat'>19.</span> <span class='ocrx_word' id='word_1_249' title='bbox 596 3995 696 4050; x_wconf 79' lang='lat' dir='ltr'>&#39;Phielii</span> <span class='ocrx_word' id='word_1_250' title='bbox 715 3996 846 4066; x_wconf 89' lang='lat' dir='ltr'>Hermag.</span> <span class='ocrx_word' id='word_1_251' title='bbox 866 4012 892 4065; x_wconf 90' lang='lat' dir='ltr'>p.</span> <span class='ocrx_word' id='word_1_252' title='bbox 906 3993 1010 4066; x_wconf 74' lang='lat' dir='ltr'>90sqq.</span> 
     </span>
    </p>
   </div>
   <div class='ocr_carea' id='block_1_4' title="bbox 230 4322 348 4368">
    <p class='ocr_par' dir='ltr' id='par_1_10' title="bbox 230 4322 348 4368">
     <span class='ocr_line' id='line_1_36' title="bbox 230 4322 348 4368; baseline 0.008 -2"><span class='ocrx_word' id='word_1_253' title='bbox 230 4322 348 4368; x_wconf 75' lang='lat' dir='ltr'>deeneke.</span> 
     </span>
    </p>
   </div>
   <div class='ocr_carea' id='block_1_5' title="bbox 0 0 1604 5054">
    <p class='ocr_par' dir='ltr' id='par_1_11' title="bbox 0 0 1604 5054">
     <span class='ocr_line' id='line_1_37' title="bbox 0 0 1604 5054; baseline 0 0"><span class='ocrx_word' id='word_1_254' title='bbox 0 0 1604 5054; x_wconf 95' lang='lat' dir='ltr'> </span> 
     </span>
    </p>
   </div>
  </div>
 </body>
</html>
