3198 5054
766 397 1009 462 -112-

327 593 458 660 quoque
483 577 517 640 et
540 575 751 657 Augustinus
762 576 786 664 1)
809 577 845 640 τὸ
862 580 995 660 συνέχον
1010 575 1201 660 (rationem)
1218 574 1334 641 eodem
1350 574 1447 641 modo

326 680 562 764 definiverunt,
596 681 665 764 sed,
694 685 734 748 ut
755 683 823 748 iam
847 703 949 770 supra
973 683 1210 766 demonstravi,
1240 683 1276 748 in
1299 683 1449 748 obscuri-

325 790 398 856 tate
421 788 549 854 versati
572 792 662 871 sunt,
695 809 770 855 cum
793 789 848 856 ille
873 789 1109 869 defensionem,
1139 809 1239 875 quam
1264 788 1449 855 secundum

325 895 430 960 verba
461 916 482 960 a
512 916 549 960 se
580 895 653 981 ipso
684 894 789 962 allata
799 897 822 981 ²)
858 900 991 981 συνέχον
1021 916 1141 961 vocare
1181 895 1306 979 debuit,
1351 899 1448 960 αἴτιον

325 1002 513 1068 nominavit
536 1000 568 1089 (ξ
583 1002 616 1086 4)
641 1005 675 1068 et
691 1002 856 1068 Ciceronis
880 1002 1123 1070 adulescentuli
1138 1003 1448 1089 interpretationem

324 1109 530 1174 firmamenti
545 1129 613 1174 non
629 1111 745 1195 aptam
764 1110 893 1197 accepit
908 1109 940 1197 (ξ
957 1110 1000 1198 9),
1026 1110 1235 1194 Augustinus
1252 1113 1449 1194 ἀποφάσεως

326 1214 615 1282 confirmationem
644 1219 679 1281 et
705 1221 802 1282 αἴσιον
826 1221 861 1282 et
888 1220 1022 1301 συνέχον
1046 1216 1229 1303 appellavit
1256 1220 1447 1302 praeterea-

324 1343 388 1408 que
400 1326 497 1387 αἴσιον
508 1326 685 1406 κατάφασιν
697 1323 846 1406 intellegi
864 1323 979 1390 voluit.
1003 1323 1113 1393 Julius
1130 1322 1242 1390 Victor
1262 1324 1355 1389 solus
1375 1324 1446 1390 sinc

325 1429 604 1512 ambiguitatem
627 1433 724 1495 αἴτιον
748 1430 791 1496 ad
815 1429 1033 1514 defensorem,
1065 1431 1101 1495 ιό
1125 1434 1259 1515 συνέχον
1282 1430 1326 1496 ad
1349 1450 1447 1496 acon-

325 1538 470 1602 satorem
501 1535 657 1622 retulit.⁸)
702 1536 819 1623 Neque
843 1541 967 1622 autem,
1001 1558 1076 1604 cum
1100 1559 1139 1604 eo
1168 1540 1307 1623 excepto
1332 1557 1447 1603 omnes

323 1646 429 1709 testes
467 1643 537 1709 sint
568 1643 829 1730 explicationum
844 1689 847 1698 .
860 1665 961 1730 supra
990 1645 1246 1730 propositarum,
1279 1665 1364 1731 quas
1396 1645 1447 1709 in-

324 1771 423 1836 super
446 1751 738 1833 argumentatione
762 1751 1096 1836 comprobaverimuS,
1121 1752 1194 1817 eius
1216 1751 1446 1818 testimonium

324 1858 446 1923 reicere
470 1879 632 1938 veremur,
665 1859 861 1944 praesertim
885 1878 962 1923 cum
983 1878 1052 1925 non
1077 1859 1121 1923 sit
1149 1861 1266 1924 auctor
1289 1857 1445 1944 locuples.

411 1964 612 2030 Notionibus
636 1967 734 2030 αἰτίον
759 1968 794 2031 et
816 1969 1001 2050 συνέχοντος
1023 1965 1082 2030 illa
1104 1965 1234 2032 ratione
1258 1963 1446 2051 explanatis

324 2072 421 2137 simul
446 2073 575 2138 notioni
598 2075 737 2143 στάσεως
759 2072 871 2138 lumen
896 2071 1081 2138 attulimus.
1128 2072 1270 2154 Etenim,
1295 2070 1445 2137 simodo

324 2182 428 2244 στάσιν
451 2178 643 2263 simpliciter
665 2178 926 2245 controversiam
949 2179 1161 2264 interpretari
1183 2178 1301 2263 licet,⁴)
1317 2181 1446 2244 statum

323 2285 484 2350 constitui
506 2305 574 2351 non
605 2306 714 2370 posse,
748 2285 813 2350 nisi
837 2289 970 2369 συνέχον
993 2289 1032 2351 ut
1054 2285 1097 2368 id,
1130 2305 1195 2371 quo
1220 2286 1447 2352 controversia

323 2391 465 2473 exsistit,
491 2395 525 2457 et
548 2395 645 2457 αἴσιον
667 2395 707 2458 nt
730 2413 833 2458 causa
849 2391 1100 2480 disceptationis
1118 2395 1310 2479 suppetunt,
1330 2396 1444 2458 osten-

323 2499 440 2565 dimus
487 2498 580 2579 Quae
612 2520 685 2566 oum
718 2500 768 2566 ita
790 2521 843 2565 res
875 2521 910 2566 se
941 2500 1075 2583 haheat,
1108 2503 1220 2566 status
1248 2498 1330 2566 nihil
1354 2498 1444 2566 aliud

322 2611 375 2672 est
405 2606 470 2672 nisi
500 2605 658 2672 iudicatio
686 2607 910 2692 (κρινόμενον),
943 2628 1029 2693 quae
1054 2611 1189 2673 emanet
1220 2629 1261 2672 ex
1292 2610 1380 2691 αἰτίῳ
1411 2610 1445 2672 et

322 2718 490 2798 συνέχονιι.
546 2713 639 2792 Quod
671 2714 723 2779 his
754 2713 835 2779 locis
867 2714 1091 2780 confirmatur.
1146 2713 1256 2794 Quint.
1276 2714 1319 2778 Ill
1343 2713 1374 2797 6,
1387 2715 1443 2779 21:

326 2820 567 2903 »Hermagoras
576 2823 704 2886 statum
712 2825 821 2904 vocat,
834 2842 893 2907 per
904 2841 1004 2907 quem
1016 2821 1169 2887 subiecta
1176 2842 1230 2886 res
1239 2819 1445 2904 intelligatur

322 2930 356 2992 et
379 2927 423 2994 ad
447 2949 547 3012 quem
569 2927 783 3013 probationes
808 2929 909 2994 etiam
933 2928 1080 3014 partium
1104 2927 1350 3014 referantur.«⁶)
1397 2926 1442 2993 df.

412 3159 429 3227 ¹)
449 3177 475 3230 p.
491 3158 589 3223 145‚3:
615 3160 734 3225 »συνέχον
753 3159 953 3228 Hermagoras,
979 3159 1007 3212 id
1027 3161 1072 3212 est
1090 3159 1245 3222 continens
1265 3158 1390 3230 appellat
1408 3159 1442 3212 ab

322 3267 363 3314 eo,
384 3250 460 3319 quod
480 3249 571 3304 omnis
590 3249 629 3302 rei
648 3248 775 3303 defensio
795 3247 896 3302 abillo
916 3247 1120 3302 contineatur«

413 3339 432 3407 ⁹)
452 3338 606 3402 11111,19:
635 3337 798 3391 »continens
827 3377 833 3391 .
857 3379 863 3392 .
889 3337 917 3392 id
942 3353 1012 3402 esse,
1041 3353 1095 3407 quo
1121 3337 1234 3392 sublato
1253 3337 1287 3390 lis
1307 3351 1442 3391 essenon

320 3427 434 3498 possit«
457 3442 531 3496 quae
549 3426 635 3480 verba
656 3426 692 3479 ad
712 3425 906 3481 defensionem
927 3429 1055 3496 spectare
1075 3441 1160 3495 supra
1179 3425 1305 3480 vidimus.

411 3517 429 3585 θ)
449 3532 476 3585 p.
489 3515 604 3582 375‚27.

409 3605 429 3675 ⁴)
449 3604 534 3658 Cuius
559 3604 774 3672 significationis
798 3605 872 3676 quod
896 3605 1024 3675 exempla
1042 3605 1194 3674 proferam,
1219 3621 1276 3660 non
1295 3607 1347 3660 est.
1383 3604 1442 3658 Hoc

319 3711 406 3750 unum
435 3694 480 3749 hic
509 3693 631 3764 positum
659 3695 700 3748 sit
728 3693 823 3764 (Soph.
853 3692 1167 3764 Trach.1179sq.l:..
1191 3693 1227 3748 εἰς
1250 3690 1326 3762 λόγον
1350 3691 1441 3745 στάσιν

318 3779 418 3837 τοιάνδ’
447 3780 576 3836 ἐπελθών.
613 3783 655 3838 Ol.
668 3784 760 3838 Herm.
780 3785 827 3854 Sp.
841 3784 866 3837 ll
880 3782 999 3848 137‚31:
1021 3822 1026 3835 .
1048 3821 1053 3835 .
1073 3780 1192 3852 εἴρηται
1216 3780 1306 3838 στάσιν
1331 3821 1336 3835 .
1357 3823 1363 3836 .
1387 3780 1440 3833 dno

318 3875 364 3925 τοῦ
383 3871 534 3935 στασιάζειν
550 3871 610 3928 coiis
627 3871 839 3942 ἀγωνιζομένους.

408 3963 427 4031 ⁶)
447 3961 489 4016 Cf.
510 3961 554 4014 W.
568 3961 731 4025 V11173‚9:
750 3961 819 4013 κατὰ
837 3961 885 4013 τὸν
898 3958 1065 4031 Ἑρμαγόραν
1083 3958 1162 4016 οὕτως
1174 3958 1320 4031 ὁρίσασθαι
1333 3976 1339 3991 ·
1350 3958 1440 4015 στάσιν

318 4049 396 4113 ἐστίν,
415 4049 479 4102 καθ’
497 4049 530 4115 ἦν
541 4047 797 4120 ἀντιλαμβανόμεθα
814 4053 859 4102 τοῦ
868 4048 1037 4118 ὓποιιειμένσν
1054 4048 1218 4121 πράγματος·
1232 4050 1285 4120 lW.
1296 4047 1440 4117 V592,10)

319 4143 495 4210 Quamquam
521 4139 568 4194 hic
590 4140 680 4193 altera
707 4155 772 4210 pars
798 4138 972 4193 definitionis
997 4156 1015 4193 a
1033 4139 1206 4206 Quintiliano
1225 4137 1349 4192 traditae
1369 4136 1440 4192 desi-

319 4230 438 4294 deratur,
458 4231 555 4283 tamen
574 4244 631 4282 non
650 4231 694 4282 est
713 4229 903 4292 dubitandum,
929 4228 997 4300 quin
1015 4228 1201 4297 Hermagoras
1221 4230 1335 4290 statum,
1362 4227 1440 4281 cuius
