3198 5054
160 662 320 743 χρήματα,
358 661 412 723 καὶ
449 661 497 730 ὡς
531 661 693 742 ἱερόσυλος
748 680 833 725 vasa
875 660 1008 746 privata
1052 662 1087 725 et
1131 659 1282 745 profana.

159 769 317 849 ὑπάγεται,
349 767 426 830 ύδὲ
456 767 590 850 κλέπτης
617 767 694 835 εἶναι
748 765 880 832 Potitus
893 765 936 831 ad
951 787 1094 852 poenam
1106 768 1281 853 tamquam

160 874 692 957 φάσκωνδιπλᾶκαταθέσθαιἀξιοῖ.
748 872 928 957 sacrilegus
942 873 1042 938 offert
1058 871 1281 959 quadruplum

748 980 846 1065 quasi
869 980 930 1046 fur.

793 1123 868 1205 338,
885 1123 937 1188 10:
968 1122 1096 1208 Verum
1123 1121 1281 1208 quoniam

748 1227 902 1312 diximuS,
913 1250 988 1296 cum
997 1229 1146 1295 exrebus
1159 1228 1282 1315 duplex

749 1336 1282 1418 essetfiniS‚accusat0romminus

748 1441 933 1526 excludere,
970 1443 1079 1507 maius
1114 1442 1279 1526 inducere,

206 1549 278 1630 155,
297 1550 330 1615 7:
370 1550 523 1633 Δεύτερος
557 1553 575 1614 ὁ
613 1551 693 1614 κατὰ
747 1549 970 1615 videtursslud
980 1548 1180 1630 addendum,
1193 1547 1282 1634 quod

159 1659 312 1741 σύλληψιν
342 1658 589 1740 ὀνομαζόμενος,
619 1659 693 1721 ὅταν
748 1655 928 1743 aliquando
957 1657 1070 1721 evenit
1101 1657 1135 1721 in
1164 1655 1280 1719 huius-

157 1771 213 1828 τού
231 1765 404 1847 φεύγοντος
423 1765 694 1846 ἀντονομύζοντος
748 1763 837 1828 modi
849 1784 961 1843 causa,
975 1765 1013 1827 ut
1026 1766 1202 1828 accusator
1213 1782 1281 1827 non

159 1873 177 1935 ὁ
202 1873 331 1936 διώκων
354 1872 407 1935 καὶ
429 1872 532 1954 τούτῳ
555 1873 693 1954 κάκείνῳ
748 1869 905 1937 excludat
927 1869 1048 1952 mim,
1081 1869 1141 1934 sed
1170 1869 1281 1954 ipsum

158 1979 355 2042 ὑπεύθυνον·
378 1978 474 2042 αὐτὸν
508 1978 584 2042 εἶναι
618 1981 692 2062 λέγη
746 1978 885 2044 reticeat
920 1980 955 2042 et
989 1977 1097 2042 maius
1132 1975 1280 2058 inducat,

158 2093 204 2166 τῴ
227 2086 365 2168 ὀνόματι.
748 2084 855 2171 qualis
880 2086 932 2150 est
954 2083 1012 2148 illa
1036 2103 1152 2148 causa:

203 2230 388 2311 πρεσβεύων
410 2253 454 2298 τις
473 2230 631 2312 παρέθετο
645 2238 693 2312 τῷ
793 2226 1025 2308 Quivirginem
1034 2224 1214 2308 vitiaverit,
1224 2224 1282 2290 det

159 2344 323 2418 στρατηγῷ
353 2336 408 2418 τὴν
438 2337 607 2418 θυγατέρα.
628 2338 691 2420 ἐβι-
747 2335 862 2401 decem
885 2333 988 2398 milia:
1013 2335 1070 2419 qui
1093 2331 1282 2418 depositum

159 2444 257 2505 ύσατο
272 2442 368 2525 αὐτὴν
384 2444 511 2523 ἐκεῖνος,
524 2445 577 2506 καὶ
591 2445 691 2526 δημο-
746 2441 932 2522 violaverit,
970 2441 1078 2526 capite
1113 2439 1280 2525 puniatur.
1325 2453 1326 2456 ’

159 2551 237 2614 σίων
258 2549 318 2632 μὲν
334 2550 540 2633 ἀδικημάτων
556 2551 574 2614 ὁ
589 2551 692 2634 πατὴρ
748 2547 889 2628 Quidam
927 2549 1035 2614 iturus
1075 2547 1118 2612 ad
1157 2544 1281 2610 bellum

159 2656 254 2720 αύτδν
278 2657 463 2721 ἐπανελθὼν
486 2660 592 2741 κρίνει,
615 2659 634 2722 δ
658 2658 693 2722 δὲ
746 2656 909 2740 virginem
920 2654 1026 2720 filiam
1035 2651 1124 2739 apud
1137 2653 1282 2717 amicum

158 2764 213 2833 τὰς
226 2765 343 2846 μυρίας
362 2766 586 2849 κατατίθεσθαι
602 2766 690 2839 ἀξωῖ·
747 2763 914 2849 deposuit:
930 2763 1091 2844 virginem
1104 2759 1166 2824 sibi
1179 2757 1281 2845 depo-

160 2877 249 2935 τούτο
280 2871 342 2953 γὰρ
374 2871 490 2954 ὥριστο
516 2881 563 2954 τῷ
590 2874 692 2954 βιαίῳ.
748 2870 998 2936 εἱίαιανίλὶατίί.
1018 2868 1282 2952 Αοοαεαίοταοα

160 2979 691 3061 ἐνταῦθαλέγονιοςτούφεύγογτος,
748 2976 827 3044 dicit
841 2977 1003 3059 virginem
1024 2995 1098 3040 esso
1115 2975 1280 3056 vitiatam,

159 3085 205 3148 δτι
216 3085 317 3167 βίαιός
329 3087 399 3168 εἰμι,
414 3086 483 3148 ἀλλ’
500 3087 539 3149 ού
553 3086 691 3169 δημοσίᾳ
747 3084 807 3150 sed
818 3083 881 3149 hoc
892 3083 1010 3150 reticet
1022 3086 1056 3148 et
1069 3080 1128 3146 dat
1140 3081 1282 3146 alterum

158 3192 331 3275 ἠδικηκώς,
366 3193 558 3275 ἀμφοτέραις
595 3195 691 3256 ὑπεύ·
748 3192 885 3275 crimini3
899 3191 977 3256 dicit
990 3189 1079 3255 enim
1092 3187 1281 3274 depositum

158 3301 261 3364 θανον
295 3299 389 3363 αὐτὸν
428 3299 507 3364 εἷναί
539 3324 635 3382 φησιν
674 3302 693 3364 ὁ
747 3321 820 3364 osse
845 3297 1016 3364 violatum.

160 3407 299 3480 διώκων,
330 3407 383 3470 καὶ
414 3416 451 3491 τῇ
482 3410 536 3490 βίᾳ
566 3409 620 3470 καὶ
646 3416 693 3490 τῴ

160 3514 305 3596 δημοσίῳ
329 3515 505 3598 ἀδικήματι.

207 3637 349 3720 156,10:
398 3639 507 3721 Τρίτος
548 3641 567 3703 ὁ
612 3640 691 3703 κατὰ
793 3637 868 3719 338,
887 3639 919 3704 7:
959 3635 1009 3700 Ex
1052 3635 1203 3720 personis
1237 3683 1279 3697 ..

158 3748 318 3830 πρόσωπα
335 3747 464 3816 διπλοῦς
479 3748 599 3828 γίνεται,
619 3748 693 3810 ὅταν
748 3743 870 3831 duplex
899 3743 978 3808 finis
1010 3741 1060 3826 fit,
1092 3744 1131 3806 ut
1161 3742 1196 3805 in
1223 3739 1281 3804 illa

158 3861 291 3938 πρᾶγμα
314 3855 489 3937 ὁλόκληρον
515 3854 579 3916 ὑπὸ
604 3855 693 3917 δυοῖν
747 3855 887 3934 (causa):
916 3889 958 3897 —

143 3963 180 4047 ᾖ
202 3964 424 4045 πεπραγμένον
448 3965 467 4043 ἢ
499 3962 603 4030 ἄλλως
634 3961 692 4024 δύο

157 4072 345 4153 προσώποις
371 4070 446 4132 τισὶν
474 4070 629 4151 ὑπάρχον,
654 4119 660 4132 .
685 4117 691 4130 .

207 4176 278 4258 156,
292 4176 348 4241 21:
379 4176 530 4258 Τέταρτος
558 4176 576 4238 δ
601 4176 691 4257 έμπί-
793 4169 1021 4256 338‚19:Est
1053 4167 1132 4233 finis
1157 4170 1191 4234 et
1213 4166 1278 4247 ille,

157 4309 255 4359 πτων,
268 4285 342 4348 ὅταν
354 4284 463 4366 ὥσπερ
476 4284 693 4364 ένσταχασμῷ
747 4300 846 4366 quem
891 4276 1009 4344 Graeci
1058 4277 1281 4359 ε’γκρινόμενον

212 4397 330 4441 daeneke.
722 4394 727 4405 ‘
1087 4382 1120 4435 10
