3198 5054
693 403 752 468 101
803 443 846 450 -—

165 601 300 646 munere
331 581 445 667 procul
476 588 622 648 remotas
654 581 712 646 illa
744 580 876 646 excludi
902 602 1039 647 necesse
1072 582 1125 664 sit,
1161 582 1288 648 nemini

164 687 283 752 horum
311 687 458 753 virorum
490 686 662 754 doctorum
695 689 850 754 assentiri
880 709 1068 773 possumus.
1115 687 1181 754 Sed
1205 710 1286 774 quo-

164 793 262 860 modo
280 792 510 860 difficultatem
527 793 692 860 Ciceronis
709 794 901 861 testimonio
919 797 1026 860 ortam
1044 795 1286 880 expediamus?

164 900 402 986 Repugnantia
432 900 505 966 tolli
539 902 671 987 nequit,
707 902 773 968 nisi
808 902 836 966 si
869 901 903 966 id
938 905 978 967 ut
1010 901 1078 968 fide
1113 900 1287 984 indignum

164 1008 349 1073 reiciamus
403 1007 580 1088 Quaeritur
614 1009 727 1091 igitur,
766 1008 909 1075 liceatne
944 1008 1008 1074 hoc
1045 1007 1163 1074 facore.
1216 1010 1287 1076 lam

164 1135 243 1180 vero
279 1114 311 1180 id
348 1136 387 1180 eo
423 1115 533 1182 minus
568 1115 797 1200 prohibemur,
835 1116 923 1201 quod
958 1115 1148 1198 Augustino
1183 1115 1287 1182 fidem

164 1221 289 1288 habere
313 1221 481 1288 debemus.
516 1221 603 1286 Nam
627 1225 859 1308 praeterquam
886 1221 974 1308 quod
998 1225 1170 1289 auctorem
1192 1221 1286 1288 locu·

163 1328 337 1413 pletiorem
370 1328 530 1394 Cicerone,
558 1349 635 1394 eum
666 1350 740 1394 esse
770 1331 995 1412 cognovimus,
1027 1331 1099 1396 eius
1123 1330 1286 1416 expositio

164 1435 215 1501 his
240 1435 351 1502 verbis
374 1435 559 1502 Philodemi
581 1435 718 1502 fulcitur
745 1435 841 1522 (rhet.
856 1436 921 1502 vol.
942 1437 956 1502 l
979 1457 1009 1522 p.
1030 1437 1092 1503 201
1120 1437 1179 1503 col.
1195 1435 1287 1502 XXa

167 1543 206 1610 12
224 1541 353 1625 Sudh.):
380 1545 471 1608 'Al-ld
494 1546 559 1627 μὴν
584 1547 614 1608 οἱ
635 1545 694 1626 μὲν
714 1551 778 1608 τῶν
798 1549 957 1626 σοφιστῶν
973 1544 1027 1616 τὰς
1042 1545 1152 1614 κοινὰς
1167 1546 1287 1626 φρένας

165 1653 287 1733 ἔχοντες
310 1653 349 1715 οὐ
369 1652 441 1734 περὶ
460 1657 524 1715 τῶν
545 1653 578 1715 ἕν
593 1653 684 1716 παντὶ
698 1653 898 1734 προβλήματι
912 1652 1092 1734 προοιμίων
1107 1651 1161 1714 καὶ
1177 1652 1285 1734 διηγή-

166 1782 248 1822 σεων
271 1757 325 1822 καὶ
347 1761 482 1822 πίστεων
505 1759 559 1822 καὶ
582 1760 815 1839 ὑπεξαιρέσειον
838 1759 892 1822 καὶ
915 1759 1071 1840 ἐπιλόγοιν
1095 1760 1216 1828 ἑαυτοῖς
1239 1761 1286 1821 οἴ-

166 1889 250 1930 ονται
272 1867 453 1948 προσήκειν,
485 1866 562 1930 ἀλλὰ
592 1871 657 1928 τῶν
688 1867 721 1928 ἓν
743 1871 789 1946 τῷ
817 1866 991 1947 πολειτικῷ.
1038 1865 1149 1948 Atque
1177 1866 1287 1928 totam

165 1971 272 2056 ipsam
305 1971 470 2038 rationem
505 1971 587 2036 artis
622 1970 882 2054 Hermagoreae,
918 1992 1005 2057 quae
1041 1970 1084 2036 ad
1117 1969 1286 2036 forensem

166 2078 414 2144 contentionem
452 2081 593 2164 spectat,
634 2078 677 2143 ab
715 2077 779 2143 illis
818 2078 1072 2163 quaestionibus
1107 2075 1286 2143 reconditis

166 2184 340 2252 abhorrere
372 2188 525 2271 apertum
557 2190 617 2251 est.
664 2184 811 2266 Accedit,
844 2183 933 2270 quod
961 2183 1187 2265 Quintilianus
1220 2205 1285 2266 eos,

167 2293 223 2378 qui
250 2295 354 2364 θέσεις
378 2291 594 2378 quaestiones
617 2291 835 2357 universales·
851 2292 965 2358 civiles
988 2290 1136 2376 intellegi
1156 2290 1284 2375 volunt,

165 2400 207 2465 eb
242 2400 292 2484 iis,
329 2399 385 2484 qui
416 2402 520 2471 θέσεις
555 2399 771 2485 quaestiones
805 2397 1011 2485 pbilosophis
1046 2399 1286 2464 convenientes

164 2507 434 2592 interpretantur,
460 2509 623 2588 segregat.
634 2505 656 2592 1)
693 2507 724 2570 ls
747 2507 856 2588 igitur,
882 2507 938 2590 qui
962 2507 1048 2570 sicut
1063 2504 1285 2588 Hermagoras

164 2612 422 2680 fundamentum
453 2612 559 2679 totius
591 2611 760 2679 doctrinae
791 2614 826 2677 τὸ
857 2613 1016 2677 πολιτικὸν
1044 2615 1167 2696 ζήτημα
1195 2611 1284 2697 fecit,

164 2741 232 2786 non
256 2720 354 2786 simul
378 2741 437 2786 eas
461 2720 687 2806 quaestiones,
722 2741 809 2805 quae
841 2718 1113 2805 pbilosophorum
1144 2739 1286 2784 acumen

165 2827 364 2910 desiderant,
395 2826 456 2892 sibi
487 2827 679 2913 assumpsit.
727 2825 819 2906 Quae
845 2847 920 2891 cum
943 2827 993 2891 ita
1016 2826 1094 2910 sint,
1120 2824 1285 2891 Ciceronis

164 2934 393 3000 testimonium
417 2932 591 3020 repudiare
615 2922 685 2999 non
708 2931 910 2998 dubitamus.

252 3040 318 3106 Sed
342 3063 384 3107 ne
407 3040 495 3106 ullus
520 3039 695 3125 scrupulus
711 3040 866 3119 resideat,
891 3039 1045 3124 quamvis
1063 3038 1102 3103 de
1119 3038 1285 3104 Ciceronis

164 3147 231 3214 fide
255 3149 289 3213 in
312 3148 510 3231 fragmentis
534 3147 766 3230 Hermagoreis
790 3145 923 3212 traditis
948 3166 1048 3231 supra
1073 3145 1284 3227 derogaveri-

164 3276 248 3338 mus,
274 3259 389 3320 tamen
413 3276 452 3320 ea
476 3255 674 3341 quaestione
692 3252 907 3342 supersedere
924 3252 1094 3335 nonlicet,
1120 3248 1284 3336 quomodo

164 3361 274 3428 Cicero
297 3362 331 3426 in
356 3361 459 3427 talem
483 3383 624 3428 errorem
648 3361 792 3426 incidere
816 3359 970 3446 potuerit.

252 3467 449 3551 Magistrum
473 3469 574 3552 igitur
598 3467 736 3550 dicendi,
762 3488 859 3553 quern
878 3466 987 3532 Cicero
1012 3464 1284 3532 adulescentulus

164 3574 302 3658 audivit,
331 3575 366 3640 in
396 3576 649 3661 quaestionibus
673 3573 884 3656 generalibus
915 3572 1120 3655 attingendis
1143 3573 1285 3658 primum

164 3684 359 3770 exposuisse
384 3682 526 3750 arbitror
547 3682 787 3765 Hermagorarn
811 3681 874 3746 has
898 3701 1029 3766 quoque
1052 3682 1184 3765 praeter
1208 3699 1284 3763 spe-

165 3790 265 3857 ciales
297 3787 426 3856 oratori
452 3789 654 3871 adiunxisse,
688 3787 807 3854 deinde
842 3786 995 3873 exempla
1027 3808 1044 3852 e
1075 3784 1286 3870 philosophia

163 3899 271 3984 petita
294 3897 479 3983 protulisse,
510 3918 576 3962 non
603 3917 667 3982 quo
700 3894 891 3961 huiusmodi
923 3893 1138 3980 quaestiones
1170 3891 1284 3956 absol-

164 4003 293 4070 vendas
317 4003 556 4086 Hermagoram
588 4002 651 4068 sibi
682 4001 864 4068 adscivisse
897 3999 1122 4082 contenderet,
1155 3997 1214 4064 sed
1245 4019 1285 4062 aa

163 4114 303 4194 ratione,
330 4132 397 4198 qua
420 4111 525 4175 utitur
548 4111 717 4175 Antonius
740 4109 775 4172 in
800 4107 964 4172 Ciceronis
988 4107 1071 4172 libro
1089 4105 1129 4170 de
1154 4108 1284 4171 oratore

253 4254 272 4323 ¹)
292 4255 329 4308 ιιι
341 4254 365 4318 e,
376 4254 401 4307 5.
