3224 5044
636 393 856 459 „45.,

185 576 287 656 μόνον
303 575 391 637 ἐστίν·
407 575 509 655 μόνον
525 575 593 656 γάρ,
611 577 650 636 δν
666 574 785 656 ἀληύὲς
800 573 830 656 ᾗ,
847 574 960 637 ἄλυτόν
976 575 1063 636 ἐστιν.
1085 570 1089 659 λ
1109 573 1144 636 τὸ
1161 573 1196 636 δὲ
1212 573 1258 642 ὡς
1274 572 1309 636 τὸ

186 682 330 745 καδόλου
361 681 443 764 πρὸς
480 681 516 743 τδ
547 680 626 744 κατὰ
657 682 757 763 μέρος
787 683 869 763 ἔχον,
902 681 969 742 οἷον
993 682 1025 742 εἴ
1041 704 1085 749 τις
1113 681 1230 753 εἴπειεν,
1264 680 1309 742 ὅτι

184 791 333 871 πυρέττει,
365 795 495 870 σημεῖον
526 787 615 861 εἶναι,
650 787 774 852 πυκνὸν
806 787 865 871 γὰρ
897 788 1036 852 ἀναπνεῖ.
1067 787 1159 850 λυτδν
1191 787 1225 850 δὲ
1255 787 1310 849 καί

184 902 285 968 τοῦτο,
309 898 369 958 κᾶν
393 895 510 977 ἁληύὲς
533 894 562 977 ᾖ·
587 895 741 977 ἐνδέχεται
765 895 825 977 γὰρ
848 895 902 957 καί
928 895 974 977 μὴ
1003 895 1191 975 πυρέττοντα
1214 917 1309 956 πνευ-

186 1009 279 1068 στιᾶν.
304 1001 350 1082 (II.
363 1001 465 1086 spec.)
476 1001 498 1086 ¹)
533 1000 663 1066 Primae
688 999 817 1083 figurae
841 1003 902 1081 est,
927 1000 992 1064 nisi
1015 999 1103 1084 quod
1127 999 1307 1084 propositio

187 1108 292 1173 maior
314 1108 349 1172 vi
371 1105 555 1173 universali
579 1109 669 1172 earet
698 1104 839 1192 ideoque
868 1107 1001 1188 signum
1026 1105 1162 1171 dissolvi
1185 1107 1307 1191 potest,

186 1214 374 1300 exemplum
397 1213 622 1296 Hermagorae
647 1235 668 1278 a
691 1213 895 1293 Quintiliano
921 1213 1099 1278 traditum:

275 1323 326 1388 Ha
358 1306 460 1404 virgo,
494 1341 579 1407 quae
611 1341 687 1385 oum
718 1319 897 1387 iuvenibus
928 1341 986 1405 per
1019 1319 1122 1385 silvas
1155 1322 1308 1403 vagatur,

185 1429 277 1512 virgo
300 1429 368 1494 iam
391 1449 460 1494 non
483 1431 665 1514 permanet.

319 1535 483 1602 Atalanta
507 1557 581 1600 eum
605 1534 784 1601 iuvenibus
807 1555 866 1620 per
889 1533 995 1599 silvas
1018 1538 1169 1617 vagatur.

321 1643 484 1708 Atalanta
506 1643 574 1708 iam
598 1663 666 1708 non
691 1644 744 1707 est
767 1642 868 1724 virgo.

276 1768 433 1833 Hiusdem
464 1767 594 1850 generis
626 1769 660 1832 et
692 1765 840 1832 eiusdem
872 1771 1014 1831 naturae
1047 1768 1099 1832 est
1129 1764 1162 1830 id
1193 1786 1308 1830 exem-

186 1875 287 1960 plum,
305 1874 393 1961 quod
408 1874 634 1956 Hermogenes
652 1873 796 1955 exhibet,
821 1895 861 1939 ex
878 1873 1105 1955 Hermagorae
1122 1876 1194 1938 arte
1210 1872 1309 1938 oertis

186 1983 336 2067 personis
364 1980 498 2046 fabulae
529 1981 772 2067 praetermissis
801 1983 973 2066 sumptum
1005 2001 1044 2045 ao
1071 1977 1190 2045 leviter
1216 1981 1308 2045 vari-

160 2087 327 2173 κλειτοί)

279 2195 389 2270 Οὗτος,
414 2199 450 2267 ὃς
465 2198 652 2278 πεφώραται
667 2198 803 2259 δάπτων
817 2196 992 2276 νεοσφαγὲς
1007 2200 1102 2276 σῶμα
1119 2196 1309 2278 ἐπ’ἒρημίας,

185 2305 204 2367 ὁ
229 2305 390 2386 φονεύσας
413 2305 501 2367 ἐστίν,

270 2410 348 2475 “Ode
370 2413 557 2492 πεφώραται
580 2411 714 2473 δάπτων
730 2409 903 2490 νεοσφαγὲς
919 2413 1014 2490 σῶμα
1030 2409 1219 2490 ἔπ’ἒρημίας.

269 2517 348 2582 “Ode
371 2520 389 2581 ὁ
413 2520 571 2601 φονεύσας
594 2520 681 2581 ἐστίν,
1215 2501 1237 2506 „

275 2623 375 2690 Porro
393 2623 529 2688 alterius
546 2623 675 2705 sigorae
692 2623 844 2706 exempla
861 2623 941 2687 sunt
956 2620 1049 2706 haee,
1065 2642 1150 2707 quae
1166 2621 1309 2685 Hermo-

186 2751 289 2812 genes
314 2729 451 2796 tradidit
475 2731 538 2814 (Sp.
555 2729 584 2793 ΙΙ
609 2729 703 2815 148);

278 2839 331 2920 Τῷ
367 2840 573 2920 ἐπιτιθεμένῳ
607 2839 766 2920 τυραννίδι
798 2839 970 2919 ἀναγκαῖον
1001 2838 1083 2900 ὅπλα
1106 2827 1308 2919 παρασκευά-

186 2947 311 3011 σασδαι.

272 3053 326 3115 Ἐν
348 3061 385 3136 τῇ
408 3053 603 3134 Περικλέους
626 3052 710 3132 οἰκίᾳ
733 3052 877 3135 εὕρηνται
900 3052 992 3133 χίλιαι
1015 3051 1191 3114 πανοπλίαι.

275 3160 434 3243 Περικλῆς
457 3161 613 3242 τυραννίδι
636 3156 810 3222 ε’πιτίύεται.
1132 3141 1201 3148 ’-

775 3264 868 3329 Idem
896 3263 1086 3349 exemplum
1114 3263 1204 3348 apud
1231 3262 1308 3326 Ari-

775 3370 930 3436 stotelem
945 3370 1087 3436 inveniri
1107 3391 1208 3456 supra
1222 3369 1308 3435 vidi-

776 3499 851 3543 mus
864 3477 967 3565 (eoph.
977 3477 1015 3543 el.
1029 3479 1083 3544 e.5
1100 3499 1128 3566 p.
1142 3476 1204 3544 167
1213 3476 1244 3558 b,
1257 3476 1307 3560 9):

775 3587 964 3670 βουλόμενοι
980 3635 987 3649 .
1001 3635 1007 3649 .
1021 3587 1117 3658 δεῖξαι
1129 3586 1174 3648 ὅτι
1185 3585 1307 3666 μοιχός,

775 3694 810 3757 τδ
834 3694 990 3774 ἑπόμενον
1014 3693 1140 3774 ἔλαβον,
1164 3691 1209 3753 δτι
1231 3691 1307 3752 καλ-

184 3426 224 3491 ‘O
245 3429 413 3509 πορνεύων
436 3428 669 3501 καλλωπίζεται.

190 3549 270 3616 Τόδε
280 3552 316 3615 τὸ
327 3554 492 3634 μειράκιον
504 3553 738 3626 καλλωπίζεται.

190 3660 269 3724 Τόδε
291 3660 326 3722 τδ
349 3662 513 3743 μειράκιον
536 3661 690 3742 πορνεύει.

776 3801 940 3882 λωπιοτής.

186 3911 400 3919 ——n-——n—

231 3969 232 3972 ’
278 3963 297 4030 ¹)
317 3961 359 4016 Cf.
379 3961 451 4016 rhet.
472 3961 542 4014 324
561 3978 587 4031 p.
603 3959 704 4022 1401b,
720 3959 766 4012 12:
793 3958 815 4010 εί
833 3977 872 4012 τις
890 3953 959 4025 λέγοι
978 3954 1021 4007 ὅτι
1038 3952 1148 4030 κλέπτης
1166 3952 1307 4008 Διονύσιος·

186 4050 300 4122 πονηρὸς
318 4049 368 4120 γάρ
382 4067 388 4080 ·
402 4047 586 4119 ἆουλλδγιστον
610 4049 661 4118 γὰρ
687 4046 719 4113 δὴ
745 4049 822 4099 τούτο
836 4064 842 4077 ·
856 4045 885 4098 ου
909 4045 959 4115 γὰρ
983 4048 1036 4100 πᾶς
1059 4043 1172 4114 πονηρὸς
1188 4039 1309 4109 κλέπτης,

187 4137 245 4192 ἀλλ’
269 4139 283 4192 ὃ
301 4140 413 4206 κλέπτης
429 4143 482 4195 πᾶν
499 4137 621 4209 πονηρός.

277 4229 297 4298 ²)
317 4230 388 4283 Vide
408 4230 465 4300 p.8
482 4229 566 4282 huius
586 4224 841 4282 commentationis,
