3198 5054
781 402 996 468 ..96-

331 583 506 665 propterea
529 599 596 644 non
621 599 693 644 esse
718 577 950 665 dubitandum,
975 578 1064 666 quod
1088 579 1223 646 omnino
1248 579 1452 646 adversario-

330 707 404 752 rum
428 686 593 752 rationem
631 684 854 768 Hermagoras
869 685 1002 768 habuit,
1019 707 1120 772 supra
1134 685 1373 752 intelleximus,
1404 684 1452 752 Ac

331 794 384 860 cui
416 793 528 876 generi
557 793 716 879 proximo,
752 792 842 878 quod
873 797 1023 875 vocatur,
1059 793 1230 860 notionem
1266 791 1450 860 rhetoricae

330 900 518 983 subiecerit,
542 897 577 966 id
600 919 731 986 quoque
755 900 823 966 iam
845 900 1016 982 cognitum
1039 899 1212 966 habemus.
1245 898 1310 966 Sed
1333 899 1450 982 restat,

330 1012 378 1090 ut,
403 1005 482 1093 quid
506 1006 569 1072 sihi
599 1006 681 1072 velit
707 1007 743 1072 τὸ
766 1008 924 1072 πολιτικὸν
940 1010 1073 1091 ζήτημα,
1097 1006 1292 1093 planissime
1306 1005 1450 1074 illustre-

329 1119 392 1180 tur.
423 1114 575 1199 Namque
600 1134 701 1199 quem
724 1112 793 1180 late
816 1112 900 1180 haec
922 1113 1015 1180 notio
1040 1113 1238 1196 gravissima
1260 1115 1388 1200 pateat,
1414 1115 1450 1178 ut

330 1241 431 1306 supra
454 1220 561 1302 attigi,
585 1220 619 1285 in
644 1221 904 1286 controversiam
929 1219 1027 1305 eadit,
1052 1221 1221 1305 quoniam,
1246 1240 1321 1288 cum
1337 1218 1448 1288 Cicero

329 1327 569 1410 Hermagoram
603 1327 726 1394 oratori
764 1329 978 1414 quaestiones
1016 1329 1108 1413 ipsas
1142 1326 1256 1413 procul
1294 1327 1338 1392 ab
1378 1326 1449 1392 eius

329 1455 465 1500 munere
496 1436 643 1500 remotas
674 1433 868 1500 adiunxisse
899 1435 1022 1501 relerat
1051 1432 1107 1520 (de
1135 1434 1202 1500 inv.
1225 1435 1240 1498 l
1266 1433 1297 1516 6,
1310 1435 1354 1516 8),
1388 1434 1449 1500 hoc

330 1543 505 1627 exceptum
530 1562 604 1606 esse
627 1540 761 1606 videtur
784 1540 949 1607 adiectivo
973 1543 1142 1607 πολιτικοῦ.

418 1647 599 1714 Notionem
621 1648 657 1712 in
673 1647 948 1734 disceptationem
965 1650 1121 1714 vocatam
1145 1650 1217 1714 tem
1236 1647 1305 1714 late
1321 1650 1447 1733 patere,

329 1759 367 1820 ut
390 1755 558 1842 quaslibet
582 1755 807 1840 quaestioneS,
832 1756 965 1820 etiarnsi
988 1755 1147 1822 scientiae
1171 1754 1356 1841 peculiaris,
1382 1775 1449 1820 non

328 1884 410 1928 usus
423 1863 528 1928 civilis
541 1866 631 1946 sunt,
641 1861 820 1927 dummodo
833 1861 1060 1928 adcommune
1069 1861 1227 1928 iudicium
1235 1860 1447 1948 popularem-

328 1990 392 2055 que
416 1969 677 2052 intellegentiam
703 1968 1004 2052 accommodentur,
1029 1967 1277 2054 complectatur,
1302 1968 1336 2034 id
1359 1965 1447 2054 quod

329 2075 440 2141 Thiele
472 2076 611 2160 sumit,¹)
642 2074 697 2142 vel
727 2097 787 2161 per
817 2097 853 2140 se
883 2077 954 2140 veri
986 2074 1145 2141 dissimile
1176 2079 1244 2159 est;
1274 2095 1355 2140 nam
1386 2095 1446 2140 eae

328 2183 551 2268 quaestiones,
568 2202 655 2268 quae
670 2182 836 2268 propriam
852 2181 1037 2250 doctrinam
1053 2183 1234 2269 requirunt,
1252 2183 1317 2248 etsi
1331 2202 1446 2247 earum

328 2287 508 2354 nonnullae
532 2286 709 2355 absolutae
740 2289 782 2356 ad
808 2310 945 2356 sensum
974 2310 1183 2356 communem
1206 2287 1447 2356 accommodari

326 2398 478 2482 possunt,
516 2399 639 2478 tamen,
679 2399 718 2462 ut
753 2396 982 2482 absolvantur,
1021 2397 1056 2462 in
1084 2419 1160 2463 eum
1199 2416 1267 2462 non
1306 2395 1446 2476 caduut;
1494 2395 1498 2404 ’

327 2506 501 2589 praeterea
523 2503 557 2568 in
574 2502 799 2589 disceptandis
815 2503 1026 2590 potissimum
1049 2504 1158 2587 rehuS,
1183 2524 1252 2568 non
1274 2503 1309 2568 in
1325 2501 1446 2568 diiudi-

327 2612 411 2678 catis
434 2612 562 2676 versari
583 2611 783 2678 rhetoricam
807 2612 977 2700 constatl)
1022 2609 1167 2693 Accedit,
1193 2609 1283 2695 quod
1305 2610 1445 2676 Herma-

326 2739 438 2802 goram
479 2739 500 2782 a
538 2717 625 2783 civili
664 2719 862 2804 quaestione
899 2718 1019 2784 idcirco
1058 2717 1245 2804 proiectum
1283 2737 1367 2799 esse,
1406 2719 1446 2781 ut

326 2824 496 2890 rhetorum
526 2825 732 2911 provinciam
762 2825 972 2909 terminaret,
1003 2825 1071 2890 iam
1103 2844 1205 2909 supra
1235 2844 1265 2909 p.
1282 2823 1322 2888 31
1356 2821 1440 2888 vidi-

326 2953 410 2998 mus.
444 2931 585 3014 Etenim,
609 2934 647 2997 ut
662 2931 743 2998 illud
758 2934 917 3018 repetam,
943 2929 987 2996 ad
1002 2929 1200 2996 refellendos
1224 2930 1443 3008 adversarios,

326 3038 383 3123 qui
398 3039 565 3124 proprium
589 3059 663 3105 esse
687 3041 827 3105 oratoris
851 3059 973 3104 munus
996 3037 1178 3122 negabant,
1203 3038 1443 3122 Hermagoram

326 3145 502 3230 oportebat
524 3145 722 3212 rhetoricam
746 3145 995 3229 angustioribus
1018 3144 1145 3211 finibus
1170 3143 1443 3212 circumscribere.

326 3356 439 3411 prorsus
458 3341 590 3410 neglexit.
626 3341 724 3412 Neque
743 3341 817 3395 enim
836 3342 927 3396 solum
945 3341 1016 3395 haec
1034 3357 1099 3406 vox,
1120 3357 1193 3410 quae
1211 3340 1312 3396 librarii
1332 3356 1443 3412 quoque

325 3429 432 3483 incuria
457 3429 585 3484 excidere
602 3431 704 3500 potuit,
731 3431 806 3501 apud
826 3430 1026 3496 Quintilianum
1044 3430 1077 3500 (Η
1092 3429 1133 3495 15,
1144 3430 1169 3498 6)
1191 3430 1373 3494 desideratur,
1393 3428 1442 3482 sed

326 3518 411 3572 etiam
430 3518 459 3572 in
478 3519 525 3582 eis,
546 3535 618 3590 quae
637 3523 798 3589 sequuntur,
818 3519 933 3589 perinde
945 3536 979 3573 ec
991 3519 1014 3572 si
1028 3519 1123 3573 Cicero
1136 3518 1204 3573 illud
1216 3518 1443 3573 additamentum

326 3606 474 3673 omisisset,
494 3610 609 3662 verbum
629 3608 815 3679 persuadendi
834 3609 871 3663 ad
889 3609 977 3662 finem
995 3607 1154 3662 rhetoricae
1166 3607 1373 3662 terminandum
1385 3623 1442 3660 non

325 3697 396 3752 setis
416 3714 478 3752 esse
497 3698 679 3752 demonstret.
717 3697 767 3751 Hic
784 3697 871 3767 igitur
888 3697 1093 3769 indiligentiam
1112 3696 1276 3764 Quintiliani
1289 3695 1440 3766 arguimus,

325 3787 377 3841 nisi
396 3804 462 3842 vero
477 3788 538 3859 quis
557 3789 586 3842 in
605 3787 664 3841 eius
684 3786 834 3857 exemplari
853 3787 930 3842 illam
948 3802 1046 3842 vocem
1067 3787 1188 3841 defuisse
1207 3785 1346 3857 opinetur.

415 3877 433 3946 ¹)
452 3876 484 3931 V.
503 3877 603 3931 'Phielii
621 3876 751 3946 Hermag.
771 3893 797 3946 p.
810 3876 859 3930 31:
886 3875 938 3930 Die
953 3867 1094 3930 'nnetorn
1119 3875 1206 3931 erhob
1223 3873 1374 3946 Anspruoh
1392 3873 1444 3928 aul

325 3965 374 4020 das
393 3967 493 4020 Gebiet
512 3965 560 4020 der
579 3965 792 4020 Wissenschait.
831 3983 856 4035 p.
870 3964 919 4018 34:
938 3961 1070 4020 πολιτικὸς
1082 3989 1117 4009 =
1130 3963 1441 4034 gemeinverstendlieh

325 4056 449 4126 popular.
1163 4114 1166 4122 ¹

413 4145 432 4214 ἢ
452 4145 512 4198 Hoc
536 4144 633 4204 'lhiele
657 4144 789 4214 neglegit,
818 4160 881 4199 cum
908 4145 970 4215 ipse
995 4161 1021 4215 p.
1041 4144 1076 4198 32
1103 4145 1231 4200 rhetores
1260 4142 1442 4215 quaestiones

324 4234 460 4288 scientiae
478 4234 668 4288 absolvendas
686 4234 739 4288 sihi
757 4250 815 4287 non
834 4233 1010 4302 arrogavisse
1029 4233 1167 4288 coneedit.
