3198 5054
750 423 972 488 ..92-

401 600 450 665 At
472 600 744 682 Fortunatianus,
771 601 850 686 quia
871 600 1005 667 easdem
1022 601 1237 686 quaestiones
1253 601 1434 667 rationales

312 709 348 772 et
370 706 494 789 legales
518 706 702 789 distinguit,
732 729 816 793 quas
842 729 883 772 ex
907 708 1108 791 Augustino,
1138 708 1303 784 Cicerone,
1328 707 1433 788 Quiu-

312 813 429 879 tiliano
454 813 693 896 Hermagora'm
716 813 810 879 illurn
833 813 1029 880 discrevisse
1052 815 1251 898 novimus,¹)
1275 819 1310 880 et
1331 815 1435 880 talem

313 919 591 1002 distributionem,
624 919 733 1006 qualis
764 921 800 985 in
830 921 1011 1006 particulas
1043 922 1191 986 minutas
1223 921 1434 1006 descendit,²)

311 1026 458 1113 praebet,
483 1027 546 1093 hae
570 1046 605 1092 re
631 1027 749 1092 ceteris
774 1027 929 1093 omnibus
953 1027 1146 1094 auctoribus
1171 1029 1327 1114 superior,
1359 1027 1433 1094 ideo

311 1133 441 1199 Temnii
456 1132 601 1216 vestigia
624 1137 760 1199 secutus
776 1155 850 1200 esse
869 1135 1008 1202 videtur.
1045 1133 1255 1221 Quamquam
1272 1133 1434 1201 eademne

310 1240 441 1306 ratione
480 1244 582 1326 atque
617 1240 671 1306 hic
705 1239 838 1324 singula
875 1241 1081 1326 tractaverit,
1122 1242 1179 1328 qui
1214 1242 1434 1308 demonstrari

310 1347 450 1433 potest?
485 1347 637 1433 Namque
662 1348 794 1414 etiamsi
816 1348 1041 1430 Hermagorae
1065 1347 1216 1416 doctrina
1239 1349 1433 1414 summatim

310 1452 520 1520 considerata
542 1453 631 1540 apud
650 1457 802 1542 posteros
818 1456 1011 1542 permansit,
1036 1457 1151 1522 tamen
1167 1456 1266 1522 rebus
1292 1455 1432 1539 singulis

309 1559 480 1626 variandis
503 1561 590 1626 inter
620 1583 657 1626 se
688 1565 864 1648 tantopere
896 1561 1082 1641 certabant,
1096 1563 1120 1645 8)
1151 1566 1192 1629 ut
1221 1563 1255 1628 in
1284 1566 1434 1629 tractatu

309 1667 472 1734 rhetorico
495 1667 633 1734 infimae
657 1669 781 1734 aetatis
809 1667 897 1734 illius
920 1673 1100 1756 praecepta
1122 1669 1255 1754 singula
1278 1670 1433 1736 variandi

309 1774 421 1840 studio
455 1795 524 1841 non
563 1773 754 1841 adulterata
787 1777 845 1842 vix
883 1776 1109 1858 inveniantur,
1149 1782 1251 1864 atque
1286 1777 1432 1862 priorum

310 1881 432 1947 artium
456 1884 661 1968 scriptorum,
686 1884 742 1969 qui
766 1882 810 1948 ad
833 1882 917 1948 haec
939 1884 1088 1970 proxime
1109 1883 1281 1968 accedunt,
1307 1884 1431 1950 auxilio

311 1989 464 2055 destituti
488 1989 635 2072 genuina
657 1989 700 2055 ab
725 1990 921 2056 adulterinis
939 2011 1108 2056 secernere
1124 1991 1309 2078 nequimus.
1340 1990 1431 2056 Idem

310 2096 413 2161 etiam
447 2098 552 2178 magis
587 2098 752 2182 pertinere
788 2097 829 2163 ad
866 2096 946 2162 Julii
971 2096 1115 2164 Victoris
1151 2098 1429 2184 compilationem,

309 2204 404 2268 cuius
441 2203 517 2289 ipsa
554 2203 769 2289 inscriptione
777 2205 802 2291 4)
841 2198 1068 2287 admonemur,
1110 2211 1147 2271 ut
1186 2205 1277 2272 cauti
1315 2206 1429 2290 simuS,

310 2310 419 2395 quivis
443 2309 544 2376 videt.

397 2434 570 2501 Postremo
607 2457 729 2521 eorum,
766 2459 853 2523 quae
884 2436 1101 2520 Hermogenis
1133 2436 1334 2503 scholiastae
1370 2458 1430 2503 ex-

308 2542 434 2627 hibent,
459 2546 693 2630 praeterquam
718 2542 806 2630 quod
829 2545 955 2626 tenuia,
981 2545 1126 2610 interae
1151 2545 1320 2628 dissonal)
1344 2544 1428 2610 lide·

308 2670 373 2735 que
400 2650 459 2716 vix
489 2649 590 2733 digna
622 2655 711 2733 sunt,
743 2650 886 2736 plurima
917 2651 959 2716 ad
990 2650 1229 2734 Hermagoran
1262 2651 1428 2737 quendam

309 2757 500 2841 posterioris
533 2758 657 2824 aetatis
693 2758 763 2823 iure
798 2757 911 2824 referri
942 2757 1141 2846 videntur)
1193 2758 1311 2844 ltaque
1345 2759 1430 2824 haec

306 2917 520 2927 ——

400 3005 419 3072 ¹)
438 3005 515 3059 Hort.
535 3023 560 3076 p.
574 3005 617 3070 89,
628 3005 677 3069 29;
697 3006 791 3071 9726.

397 3094 416 3163 ²)
436 3094 529 3161 Quint.
553 3094 590 3149 Ill
611 3095 652 3161 ll,
669 3096 767 3166 dlsq.:
803 3096 970 3166 »simplicius
993 3101 1091 3150 autem
1118 3096 1278 3150 instituenti
1303 3113 1360 3150 non
1385 3101 1430 3152 est

306 3199 422 3237 necesse
441 3200 490 3254 per
508 3186 568 3239 tam
581 3185 705 3238 minutas
718 3200 809 3238 rerum
822 3185 975 3254 particulas
988 3186 1127 3240 rationem
1140 3185 1259 3240 docendi
1273 3186 1427 3240 corradere.

306 3273 367 3339 Quo
391 3272 462 3326 vitio
488 3273 569 3326 multi
594 3273 705 3344 quidem
730 3274 901 3339 laborarunt,
930 3275 1080 3344 praecipue
1097 3277 1195 3328 tamen
1213 3273 1426 3344 Hermagoras«

395 3362 683 3430 peninsulam:
714 3385 770 3416 ιι..
796 3379 862 3417 cum
885 3363 914 3416 in
940 3363 1002 3417 aliis
1028 3363 1157 3418 omnibus
1179 3364 1253 3418 inter
1277 3364 1428 3434 scriptores

306 3466 416 3504 summa
440 3450 578 3506 dissensio
604 3455 655 3517 est,
681 3456 742 3506 tum
767 3453 795 3505 in
821 3452 877 3506 hoc
901 3453 1053 3522 praecipue
1078 3451 1190 3506 videtur
1213 3452 1283 3507 mihi
1302 3453 1428 3508 studium

305 3555 418 3610 quoque
443 3539 553 3594 diversa
571 3541 702 3596 tradendi
720 3540 820 3607 luisse;
847 3542 927 3606 adeo,
952 3558 1005 3596 nec
1031 3543 1093 3612 quie
1118 3558 1250 3596 numerus
1275 3559 1328 3596 uec
1353 3557 1427 3612 quae

305 3629 428 3695 nomina,
453 3628 536 3700 quive
560 3631 706 3699 generales
725 3630 808 3701 quive
826 3631 962 3701 speciales
982 3631 1040 3684 sint
1058 3633 1161 3696 status,
1188 3630 1347 3685 convenit«
1385 3630 1426 3684 Gi.

305 3718 371 3773 ibid.
390 3717 529 3785 1115,37:
558 3741 585 3772 ».
606 3761 611 3773 .
632 3718 757 3773 studium
785 3720 858 3774 eirca
883 3719 1033 3790 scriptores
1057 3719 1160 3774 artium
1185 3719 1331 3785 exstiterit,
1356 3719 1426 3773 nihil

305 3807 411 3862 eisdem
429 3808 529 3872 verbis,
549 3825 622 3879 quae
642 3808 716 3878 prior
734 3809 835 3880 aliquis
856 3811 1032 3879 occupasset,
1052 3807 1178 3863 liniendi.
1199 3850 1205 3863 .
1226 3830 1253 3863 .‹

393 3897 413 3966 ⁴)
432 3913 458 3968 p.
472 3896 522 3952 371
534 3897 580 3952 H:
609 3897 677 3951 »Ars
701 3897 842 3952 rhetorica
865 3897 1063 3967 Hermagorae,
1084 3897 1230 3961 Ciceronis,
1255 3896 1426 3964 Quintiliani,

303 3985 406 4057 Aquili,
425 3985 626 4052 Marcomanni,
645 3985 783 4040 Tatium«

393 4076 412 4144 θ)
437 4074 1424 4140 Cf.W.vs‚1aeumW.v79‚ro,W.V15,15cumW.V213,ru.

394 4165 414 4231 θ)
435 4163 467 4219 V.
487 4163 587 4218 Thielii
616 4164 697 4220 libell.
718 4164 762 4219 all.
782 4182 808 4235 p.
824 4165 917 4236 l9sq,
942 4164 978 4219 cl.
998 4165 1124 4219 Pideritii
1149 4166 1183 4219 de
1207 4164 1299 4219 Herm.
1325 4181 1424 4218 comm.

304 4269 331 4324 p.
348 4254 379 4307 lb
389 4270 448 4324 sqq.
