3198 5054
755 403 978 469 ,72-

307 580 351 648 ad
373 584 410 646 τὰ
434 583 667 666 συμβεβηκότα,
696 602 797 667 quam
813 582 992 652 ¹notionem
1023 603 1045 646 a
1068 581 1255 648 Stoicorum
1279 571 1432 648 doctrina

307 689 549 772 categoriarum
573 687 717 754 alienam
749 709 823 752 esse
846 687 961 754 rhiele
984 688 1076 754 haud
1107 692 1196 754 recte
1221 688 1430 774 contendit.1)

306 795 480 862 Postremo
501 797 630 860 statum
645 793 875 861 translationis
892 798 1032 881 quartae
1056 796 1244 878 categoriae
1266 805 1323 861 τοῦ
1346 798 1430 880 πρός

305 929 332 966 τι
354 904 426 974 πὼς
449 906 576 986 ἔχοντος
610 900 751 968 similem
775 922 848 967 esse
872 900 1098 981 Quintilianus
1120 901 1217 988 idem,
1250 907 1429 989 postquam

307 1011 409 1094 caput
432 1008 586 1092 generale
611 1007 654 1073 ad
677 1007 803 1095 aliquid
830 1009 975 1073 maxime
998 1009 1034 1073 in
1058 1010 1285 1095 comparativo
1309 1029 1429 1092 genere

305 1114 431 1181 versari
456 1115 612 1198 ostendit,
638 1114 807 1201 (111652)
833 1115 880 1180 sio
901 1117 1053 1200 exponit:
1081 1113 1166 1180 »Sed
1188 1116 1223 1180 in
1246 1115 1320 1181 illas
1344 1136 1429 1201 quo·

306 1243 371 1307 que
387 1220 616 1305 translativaS,
634 1224 790 1308 utsupra
806 1221 995 1305 significavi
1010 1222 1108 1306 (1116,
1123 1222 1187 1309 23),
1213 1224 1428 1309 quaestiones

305 1327 437 1393 incidit:
462 1329 514 1393 An
539 1329 615 1395 huic
637 1329 690 1394 ius
715 1328 836 1412 agendi
859 1330 930 1394 sit‘?
961 1327 1024 1412 vel,
1057 1328 1167 1395 iacere
1200 1328 1327 1415 aliquid,
1349 1350 1428 1396 con-

305 1436 448 1501 veniat?
493 1436 547 1500 An
572 1438 687 1501 contra
716 1435 833 1501 hunc?
879 1438 933 1500 An
956 1436 1019 1501 hoc
1049 1437 1224 1521 tempore?
1270 1439 1324 1502 An
1355 1437 1428 1502 sic?

305 1542 418 1608 omnia
452 1543 540 1608 enim
574 1542 643 1608 ista
676 1541 789 1609 referri
824 1542 868 1608 ad
903 1542 1027 1628 aliquid
1062 1563 1199 1608 necesse
1235 1547 1314 1608 est«
1364 1543 1429 1623 Qui

305 1651 419 1714 autem
453 1648 546 1715 locus
582 1648 795 1716 translationi
829 1649 864 1714 in
900 1652 1049 1716 statuum
1088 1650 1300 1736 discriptione
1339 1651 1426 1715 assi-

304 1755 459 1838 gnandus
483 1756 536 1839 sit,
560 1760 609 1839 ut,
633 1756 666 1821 id
691 1755 779 1842 quod
803 1756 837 1821 in
861 1760 1042 1842 conspectu
1059 1778 1160 1843 supra
1182 1759 1350 1844 proposito
1374 1758 1425 1840 fit,

303 1884 372 1929 non
396 1864 440 1930 sit
463 1866 558 1929 extra
582 1865 775 1930 continuam
796 1864 1021 1948 partitionem,
1046 1886 1064 1930 e
1088 1864 1217 1930 ratione
1242 1866 1427 1947 categorias

305 1968 473 2053 digerendi
497 1969 611 2036 Stoica
642 1969 749 2052 colligi
776 1973 898 2056 potest.
945 1969 1078 2036 Etenim
1102 1971 1425 2057 quemadmodumq

303 2080 441 2161 ποιότης,
466 2076 612 2163 qualitas
637 2098 712 2142 oum
734 2077 782 2143 rei
805 2080 928 2142 natura
952 2079 1140 2160 coniuncta,
1163 2087 1209 2162 τῷ
1229 2081 1301 2150 πὼς
1316 2082 1426 2162 ἔχοντι,

290 2183 487 2266 'attributis
522 2205 607 2269 quae
639 2183 682 2248 ad
703 2185 812 2270 ipsam
835 2184 1063 2251 substantiam
1085 2186 1134 2250 rei
1156 2204 1225 2250 non
1247 2186 1424 2270 pertinent,

305 2290 460 2377 opposita
491 2292 581 2377 estfl)
613 2291 660 2357 sic
688 2293 724 2356 τὸ
755 2294 837 2375 πρός
867 2317 902 2366 ιι,
934 2289 1023 2376 quod
1055 2290 1097 2357 ad
1128 2290 1231 2358 talem
1261 2293 1426 2358 rationem

304 2400 444 2483 spectat,
470 2396 577 2483 qualis
601 2398 635 2463 in
651 2399 686 2464 vi
709 2399 840 2484 propria
864 2397 1002 2464 alterius
1024 2399 1071 2463 rei
1088 2396 1185 2464 alteri
1208 2398 1323 2465 oblata
1346 2420 1426 2464 con-

302 2503 402 2586 sistit,
435 2504 568 2570 obiacet
596 2513 642 2589 τῷ
665 2507 747 2589 πρός
773 2531 800 2570 τι
822 2507 894 2576 πὼς
917 2509 1026 2589 ἔχοντι,
1058 2503 1146 2591 quod
1178 2505 1221 2570 ad
1252 2502 1426 2571 externam

396 2788 415 2856 ¹)
435 2789 451 2844 l.
473 2788 517 2842 all.
537 2805 563 2858 p.
583 2787 625 2842 53.
664 2787 705 2842 Of.
725 2789 843 2842 Prantlii
866 2788 931 2843 hist.
956 2790 1011 2857 log.
1035 2789 1159 2859 lp.429
1182 2790 1246 2844 adn.
1264 2789 1308 2844 84.
1345 2790 1426 2846 Stob.

301 2877 381 2931 anth.
394 2894 421 2931 v.
434 2876 446 2929 Ι
464 2893 491 2946 p.
507 2877 677 2941 138‚14W.:
697 2877 792 2933 Αίτιον
810 2873 835 2928 d'
842 2876 855 2929 ὁ
869 2876 961 2942 Maur
979 2881 1057 2946 φησὶν
1070 2874 1137 2930 εἶναι
1156 2874 1182 2930 δι
1195 2876 1232 2930 '⁰¹'
1246 2870 1275 2930 οὗ
1289 2874 1317 2930 δέ
1330 2877 1426 2930 αι”τιον

302 2963 476 3035 ουνβεβιμὸς·
489 2969 534 3018 καὶ
552 2965 582 3018 τὸ
601 2965 651 3033 μέν
669 2965 764 3019 αἴτιον
783 2970 819 3019 ou*
819 2987 866 3036 μα,
887 2959 915 3018 οὗ
934 2964 963 3019 δέ
976 2965 1071 3020 αἴτιον
1082 2966 1253 3038 κατηγόρημα
1267 2966 1311 3036 (cf.
1325 2984 1424 3022 vocem

303 3052 474 3125 οιιιβοὶματος
492 3055 590 3109 Prantl
609 3056 626 3110 l.
640 3056 687 3112 all.
704 3073 730 3126 p.
744 3055 797 3110 439
809 3057 872 3111 adn.
889 3056 956 3124 114).
981 3057 1064 3110 Clem.
1079 3056 1157 3112 Alex.
1170 3059 1267 3112 strom.
1280 3057 1342 3111 Vlll
1355 3057 1379 3122 6,
1391 3057 1425 3112 17

304 3145 359 3200 vol.
380 3145 418 3198 llI
436 3162 462 3215 p.
476 3144 529 3198 364
547 3145 628 3200 Dind.

389 3252 410 3320 ⁹)
429 3253 507 3306 Haec
526 3251 669 3307 distinctio
688 3269 706 3306 a
725 3251 868 3322 Simplicio
886 3252 929 3306 ita
951 3252 1108 3307 illustratur
1129 3252 1236 3322 (Prantl
1247 3254 1264 3306 l.
1276 3253 1321 3308 all.
1334 3251 1422 3323 p.431

303 3341 368 3395 adn.
380 3339 415 3394 91
436 3341 510 3409 [Arn.
524 3340 558 3394 ir.
573 3341 659 3395 Stoic.
673 3358 699 3396 v.
712 3340 736 3394 ll
748 3358 774 3411 p.
792 3339 849 3402 129,
866 3341 917 3410 Ill:
938 3341 960 3393 εί
977 3343 1027 3410 μέν
1044 3361 1084 3396 τις
1096 3339 1242 3412 ὀψοφάγος,
1255 3345 1300 3394 καὶ
1313 3338 1426 3412 φίλοψος

298 3426 411 3492 πάντως,
431 3428 454 3480 εί
472 3424 500 3480 δέ
519 3425 638 3499 φίλοψος,
658 3427 687 3482 oi
705 3428 810 3486 πάντως
828 3427 972 3500 ὀψοφάγος,
992 3427 1180 3482 ἐπιλειπόντων
1196 3429 1247 3501 γοὶρ
1265 3434 1318 3483 τῶν
1336 3434 1425 3500 μερῶν

300 3513 336 3568 δι’
360 3509 397 3568 ὧν
414 3515 552 3587 ὄψοφαγεῖ,
571 3521 617 3584 τῆς
634 3517 683 3586 μέν
701 3517 851 3589 ὄψοφογίοις
869 3516 1035 3582 ἀπολέλντοιι,
1054 3517 1103 3584 τὴν
1122 3515 1150 3571 δὲ
1169 3516 1284 3590 φίλοψον
1296 3518 1364 3582 ἕξιν
1378 3517 1425 3571 cim
1443 3503 1451 3522 ⁸

298 3603 420 3678 ἀνῄρηκε.
458 3606 499 3661 Cf.
519 3607 584 3662 ibid.
603 3625 630 3678 p.
643 3607 696 3662 433
714 3609 780 3663 adn.
792 3608 840 3663 95:
866 3607 910 3660 ἐπὶ
936 3604 964 3660 δέ
988 3611 1034 3660 τοῦ
1058 3605 1175 3680 δευτέρου
1200 3607 1368 3677 ὑποκειμένου
1393 3607 1421 3660 οἰ

297 3698 354 3748 πᾶν
371 3699 424 3767 χριῖ
424 3716 464 3764 μα
483 3692 541 3748 οἶδὲ
558 3700 633 3750 πᾶσα
651 3695 760 3764 ποιότης
778 3696 806 3749 ἐν
824 3697 992 3764 ὑποκειμένῳ,
1012 3694 1065 3749 ἀλλ’
1083 3695 1148 3750 ὅταν
1160 3697 1198 3765 μὴ
1211 3694 1428 3768 συμπληρωτικοί

302 3785 350 3837 εἰσι
375 3788 421 3852 τῆς
446 3784 551 3842 atalae·
571 3789 602 3838 τὸ
627 3789 688 3856 γοῖν
710 3784 799 3838 λευκὸν
817 3785 861 3838 ἐπὶ
879 3785 928 3854 μὲν
945 3789 992 3838 τοῦ
1011 3783 1081 3857 ἐρίου
1099 3785 1127 3838 ἐν
1145 3786 1312 3854 ἱποιιειμένῳ,
1333 3787 1377 3838 ἐπὶ
1395 3783 1425 3838 δέ

298 3877 343 3940 τῆς
364 3873 449 3940 χιίνος
472 3875 517 3927 οὒκ
539 3873 567 3927 ἐν
591 3874 758 3944 ὑποκειμένῳ,
782 3872 848 3927 ἀλλὰ
875 3872 1023 3946 συμπληροῖ
1045 3874 1093 3940 την
1118 3873 1209 3928 οίισίαν
1231 3875 1265 3932 ὡς
1282 3878 1361 3946 μέρος
1378 3879 1425 3927 καὶ

297 3962 467 4032 ὑποκείμενον
489 3961 592 4032 μᾶλλόν
617 3961 671 4016 ἐστι
695 3963 763 4031 μετὰ
782 3967 828 4030 τῆς
845 3963 933 4020 uiolas
947 3981 953 3995 ·
967 3963 1064 4032 ὁμοίως
1082 3960 1110 4016 δὲ
1128 3968 1173 4016 καὶ
1192 3963 1208 4030 ἦ
1226 3963 1361 4035 θερμότης
1378 3968 1425 4029 τῆς

297 4051 347 4120 μέν
368 4053 415 4104 τοῦ
437 4051 518 4123 πυρὸς
542 4051 630 4109 ciulac
652 4056 731 4124 μέρος
755 4051 833 4116 ἐστίν,
858 4051 886 4106 ἐν
909 4051 1071 4121 ὑποκειμένῳ
1097 4049 1125 4105 δέ
1143 4054 1243 4123 γίνεται
1260 4056 1296 4119 τῷ
1316 4051 1423 4123 σιδήρῳ,

298 4137 389 4207 ἐπειδὴ
407 4145 452 4193 καὶ
470 4142 571 4212 γίνεται
587 4146 633 4193 καὶ
646 4141 800 4212 ἀπογίνεται
818 4141 846 4195 ἐν
863 4145 900 4208 τῷ
919 4140 1016 4213 οιδὴρῳ
1036 4142 1095 4194 ἄνευ
1113 4145 1159 4209 τῆς
1176 4146 1222 4195 τοῦ
1235 4139 1341 4213 σιδήρου
1352 4143 1425 4211 φθο-

296 4233 353 4300 ρᾶς.
373 4231 433 4301 (Hic
452 4233 530 4287 locus
550 4233 624 4302 apud
643 4232 798 4288 Arnimium
819 4233 915 4302 deest.)
