3198 5054
619 449 848 516 --eo-

176 628 281 694 luisse
316 627 542 708 Quintilianus
581 631 700 694 auctor
737 629 826 712 est,1)
861 631 1148 693 commemoratur.
1196 628 1299 712 Atqui

176 735 240 801 iste
270 735 364 800 locus
395 733 504 800 Sexti:
537 735 739 818 Ἑρμαγόρας
772 737 888 801 τελείου
923 737 1059 819 ῥήτορος
1094 738 1187 818 ἔργον
1221 735 1298 798 εἶναι

176 844 260 925 ἔλεγε
282 842 318 906 τὸ
340 843 431 906 τεθὲν
452 842 612 906 πολιτικὸν
636 845 759 926 ζήτημα
783 843 979 906 διατίθεσθαι
1001 843 1081 906 κατὰ
1112 842 1147 905 τὸ
1171 842 1297 924 ἐνδεχό-

175 973 272 1032 μενον
295 955 461 1020 πειστικῶς
477 968 550 1013 curu
568 949 620 1013 his
636 947 747 1013 vorbis
764 948 944 1031 Augustini
968 967 1070 1033 supra
1086 946 1297 1030 significatis:

179 1055 285 1148 »Dicit
316 1055 403 1120 euim
433 1074 507 1120 esse
532 1054 671 1120 oratoris
704 1053 853 1120 officium
885 1053 1095 1139 persuadere,
1129 1057 1297 1139 quatenus

175 1181 284 1226 rerum
323 1164 358 1227 et
395 1181 612 1247 personarum
662 1158 809 1226 condicio
848 1160 993 1246 patitur,
1041 1158 1221 1226 dumtaxat
1263 1161 1297 1225 in

176 1268 328 1334 eivihbus
352 1267 635 1354 quaestionibus«
685 1268 714 1333 si
741 1289 809 1333 non
833 1268 1050 1351 adverbum,
1084 1269 1121 1334 at
1151 1270 1297 1334 uertere

175 1376 273 1462 plane
298 1375 449 1441 concinit
495 1373 580 1457 Ergo
603 1374 688 1440 haec
710 1396 843 1461 quoque
875 1375 917 1440 ad
942 1374 1181 1456 Hermagoram
1205 1373 1298 1440 illum

175 1485 338 1569 spectant.
384 1483 495 1568 Atque
519 1481 562 1565 id,
597 1481 685 1567 quod
707 1481 760 1547 hic
784 1482 1038 1568 comprohatum
1062 1485 1124 1564 est,
1156 1481 1191 1546 in
1223 1481 1297 1546 aliis

176 1609 306 1675 quoque
329 1589 420 1671 lucie,
452 1589 508 1654 ubi
533 1589 744 1671 Augustinus
776 1588 809 1653 id
840 1609 964 1654 nomen
995 1587 1152 1674 appellat,
1183 1586 1296 1654 valere

175 1697 233 1762 vix
255 1697 429 1778 negaverit
452 1694 638 1782 quisquam.
684 1695 800 1782 Neque
823 1694 925 1777 igitur
947 1695 1013 1760 iam
1037 1693 1191 1760 dubitare
1207 1692 1295 1776 lieet,

175 1804 255 1890 quin
278 1805 312 1869 iu
335 1802 422 1868 illius
446 1805 597 1868 tractatu
620 1802 863 1868 illustrissimus
887 1803 999 1868 rhetor
1022 1802 1123 1868 huius
1152 1801 1296 1867 nominis

173 1909 417 1993 intellegendus
448 1911 500 1975 sit.
529 1949 571 1958 —
604 1910 668 1976 Cur
699 1914 814 1975 autem
844 1907 1093 1996 locupletiorem
1125 1912 1295 1975 auctorem

175 2037 275 2104 qnam
311 2017 500 2083 Ciceronem
535 2021 568 2082 et
600 2015 842 2097 Quintilianum
878 2017 1108 2082 existimemus
1143 2019 1297 2102 oporteat

174 2125 414 2208 Augustinum,
447 2145 490 2190 ex
520 2124 572 2188 his
605 2123 721 2189 elucet.
776 2116 1001 2207 Hermagorae
1034 2122 1122 2188 illius
1152 2122 1297 2206 vestigia

175 2233 308 2317 praeter
323 2234 450 2296 ceteros
466 2229 616 2296 rhetores
632 2229 777 2296 fideliter
800 2249 877 2296 eum
892 2233 1104 2315 persecutum
1122 2250 1196 2295 esse
1220 2249 1296 2294 cum

174 2337 226 2403 his
250 2338 360 2404 verbis
384 2341 425 2423 (p.
443 2337 518 2420 143,
532 2337 577 2420 2):
606 2337 713 2402 »iuter
736 2357 852 2402 omues
876 2337 1101 2420 Hermagorae
1125 2336 1297 2423 praecellit

177 2445 391 2529 auctoritas«,
424 2446 496 2510 tum
526 2463 575 2527 eo,
608 2444 695 2530 quod
728 2463 795 2509 nou
827 2444 891 2508 nisi
918 2442 1106 2508 verecunde
1130 2443 1172 2509 ab
1196 2444 1296 2509 huius

174 2550 375 2617 auctoritate
399 2549 577 2637 recessitl)
602 2551 804 2636 perspicitur.
850 2549 966 2636 Neque
987 2549 1110 2615 nullius
1135 2551 1294 2616 momeut‘

174 2662 226 2724 est
265 2657 336 2723 eius
375 2657 517 2723 rhetoris
556 2679 678 2723 nornen
717 2657 806 2744 apud
824 2657 1068 2740 ,Augustinum
1106 2658 1140 2722 in
1180 2657 1294 2742 paucis

173 2765 305 2851 paginis
329 2765 505 2850 quinquies
530 2763 638 2830 decies
662 2765 834 2850 reperiri,³)
858 2766 892 2830 iu
916 2763 1081 2830 Ciceronis
1105 2763 1146 2830 de
1178 2763 1295 2829 inven-

91 2953 96 2960 .
172 2873 264 2938 tione
309 2870 402 2937 libris
447 2871 553 2937 multo
600 2871 815 2957 amplioribus
862 2875 980 2956 quater
1026 2870 1294 2955 tantummodor)

175 2978 354 3044 Praeterea
377 2998 453 3043 cum
477 2978 588 3044 Cicero
613 2984 648 3043 et
672 2977 897 3057 Quintilianus
922 2977 1147 3060 Hermagorae
1172 2977 1294 3043 doctri-

173 3105 251 3151 nam
306 3105 374 3151 non
419 3088 491 3150 tam
538 3083 778 3171 explicaverint
823 3103 925 3169 quam
982 3083 1295 3170 adumbravcrint,⁵)

263 3299 282 3367 ¹)
302 3299 436 3364 1111‚1c:
464 3299 523 3352 >cui
548 3299 595 3368 (so.
622 3297 819 3370 Hermagorae)
845 3297 968 3352 maxime
991 3315 1043 3368 par
1061 3302 1148 3370 atque
1166 3298 1294 3352 aemulus

172 3389 284 3444 videtur
302 3389 468 3444 Athenaeus
487 3387 601 3443 fuisse«

261 3479 282 3547 ²)
300 3495 327 3549 p.
343 3478 440 3543 149,3;
467 3478 539 3532 »Sed
563 3477 631 3532 mihi
655 3478 739 3548 louge
763 3477 845 3532 aliter
870 3477 982 3531 videtur
1006 3481 1034 3531 et
1059 3492 1131 3547 pace
1150 3477 1223 3530 tanti
1242 3477 1294 3530 viri

173 3567 300 3635 dixerim;
326 3584 417 3638 neque
443 3569 517 3623 euim
542 3571 587 3622 est
614 3583 725 3637 semper
750 3567 906 3637 spectanda
924 3567 1088 3632 auctoritas,
1115 3566 1211 3638 utique
1231 3583 1294 3620 cum

172 3657 282 3712 ratione
300 3657 454 3711 vincatur<

262 3746 281 3816 ⁸)
300 3760 327 3815 p.
340 3745 399 3810 138,
412 3745 452 3808 15,
463 3745 507 3812 20,
517 3744 564 3810 29;
581 3745 639 3810 140,
648 3747 672 3810 7,
682 3746 712 3812 9;
725 3744 786 3811 141,
797 3745 837 3812 12,
850 3745 895 3810 15;
912 3743 970 3808 142,
982 3743 1127 3810 15,21,26;
1143 3743 1201 3807 143,
1212 3743 1236 3807 2,
1247 3743 1292 3807 11;

175 3834 234 3900 144,
245 3834 295 3899 24;
317 3834 375 3899 145,
386 3835 416 3900 3;
438 3834 496 3899 148,
508 3833 550 3888 30.
947 3865 949 3868 -

261 3923 498 3992 4)16,8;9,12;
520 3923 618 3989 11,16;
639 3923 734 3984 51.97.

262 4013 281 4081 ⁶)
301 4012 350 4077 Ea,
378 4028 451 4084 quae
476 4012 572 4067 Cicero
597 4013 625 4066 iu
649 4013 719 4066 libro
745 4011 779 4066 de
805 4011 968 4066 inventione
986 4011 1076 4065 altero
1096 4009 1178 4080 plene
1197 4009 1232 4064 de
1251 4026 1293 4063 ar·

172 4101 433 4170 gumentationibus
465 4101 638 4170 singularum
667 4101 903 4156 constitutionum
931 4100 1076 4171 exposuit,
1104 4100 1294 4167 Hermagorae

173 4207 234 4245 esse
259 4191 435 4262 comprobari
462 4191 567 4260 nequit.
605 4190 716 4244 Etenim
735 4193 933 4260 praeterquam
953 4189 1027 4260 quod
1046 4188 1092 4242 hio
1110 4189 1139 4243 in
1157 4188 1204 4242 illo
1223 4188 1293 4244 libro

172 4295 311 4350 nusquam
338 4279 508 4343 nominatur,
543 4278 587 4333 vel
611 4279 654 4332 his
678 4280 769 4333 verbis
792 4278 932 4333 Ciceronis
955 4279 988 4346 (ΙΙ
1001 4278 1024 4342 2,
1036 4278 1075 4345 4);
1105 4294 1178 4332 »nou
1206 4294 1294 4333 unum
