3198 5054
761 401 1045 488 -eo—'

312 599 422 665 Cicero
459 600 505 665 eis
537 600 648 666 verbis
681 623 701 666 a
732 599 889 666 Pideritio
925 603 960 666 et
991 599 1118 666 Thielio
1142 600 1263 682 allatis,
1299 600 1430 687 quibus,

311 707 511 792 ubicumque
536 706 579 772 ab
602 706 808 789 Hermagora
831 707 973 791 recedet,
1005 707 1036 772 id
1066 709 1195 774 ratione
1220 707 1373 773 subiecta
1396 729 1432 773 se

312 816 573 880 memoraturum
608 835 682 880 esse
713 814 905 900 promittere
930 813 1071 898 videtur,
1081 816 1104 899 ¹)
1139 836 1181 880 ex
1212 835 1251 880 eo
1282 813 1434 896 intellegi

311 923 434 1006 potest,
459 919 556 1006 quod,
586 941 662 986 cum
684 919 923 1003 Hermagoram
948 923 986 986 ut
1010 923 1169 1014 quattuor
1192 923 1303 986 status
1327 923 1432 986 ratio-

311 1026 415 1112 nales,
439 1028 488 1092 ita
511 1030 670 1113 quattuor
686 1029 901 1112 quaestiones
929 1026 1054 1111 legales
1072 1027 1272 1093 disiunxisse
1297 1029 1332 1093 et
1354 1048 1432 1113 pro-

311 1135 462 1220 portione
494 1137 528 1198 et
559 1137 744 1199 ceterorum
775 1137 948 1200 auctorum
981 1155 1147 1200 consensu
1175 1134 1430 1216 demonstretur,

312 1239 422 1306 Cicero
454 1240 599 1326 quinque
632 1241 758 1326 species
794 1241 906 1327 scripti
942 1241 1189 1307 controversiae
1224 1242 1431 1327 enumerata)

311 1367 420 1433 neque
455 1345 560 1433 ullum
590 1347 729 1412 verbum
764 1347 804 1413 de
839 1348 904 1413 hae
938 1347 1161 1433 discrepantia
1194 1347 1283 1414 facit.
1330 1348 1430 1412 Porro

310 1453 408 1519 nobis
432 1454 653 1539 spectandum
678 1458 730 1519 est
753 1475 828 1519 eam
851 1455 1033 1536 notionem,
1068 1476 1135 1540 qua
1161 1457 1266 1526 θέσεις
1294 1459 1330 1520 et
1351 1457 1430 1518 ὑπο-

311 1562 415 1632 θέσεις
438 1560 671 1646 comprehendi
700 1563 735 1626 ct
762 1564 871 1627 totam
894 1561 1080 1628 doctrinam
1103 1562 1327 1645 Hermagorae
1352 1582 1431 1626 con-

311 1667 422 1751 tineri,
459 1667 563 1733 civilis
598 1667 805 1752 quaestionis
840 1668 927 1750 dioc,
964 1690 1005 1734 ex
1041 1669 1240 1734 auctoritate
1274 1667 1430 1753 locupleti
1532 1683 1535 1691 ·

312 1778 455 1856 constat,
488 1797 509 1840 a
532 1773 686 1840 Cicerone
711 1775 843 1840 silentio
867 1777 1083 1861 praeteritam
1108 1777 1222 1857 esse‚³)
1254 1776 1318 1840 nisi
1341 1774 1429 1860 quod

309 1881 442 1948 civilem
476 1882 641 1947 rationem
675 1880 730 1948 vel
769 1882 943 1948 scientiam
982 1882 1025 1948 ad
1061 1883 1224 1948 oratoriae
1258 1880 1430 1948 facultatis

311 2010 417 2071 genus
452 1987 679 2054 definiendum
715 1989 855 2055 strictim
886 1990 1058 2072 attingit‚4)
1095 2010 1170 2054 cum
1205 2010 1263 2054 eas
1298 2010 1361 2071 ree,
1397 1988 1432 2054 in

311 2095 432 2180 quibus
448 2098 603 2162 versatur
624 2094 682 2160 illa
698 2097 847 2176 scientia,
872 2117 940 2161 non
955 2095 1138 2181 illustrat.⁶)
1168 2096 1286 2182 Itaque
1303 2095 1431 2161 Cicero·

310 2223 402 2283 nem,
436 2223 510 2267 cum
541 2222 649 2287 neque
681 2203 735 2268 hic
767 2201 808 2268 de
840 2204 981 2268 materia
1013 2203 1101 2268 civili
1133 2202 1315 2288 quidquam
1352 2203 1432 2268 certi

311 2307 484 2374 tradiderit
515 2312 549 2374 et
580 2307 645 2374 illic
677 2313 908 2395 quaestionem
943 2309 1074 2375 civilem
1105 2330 1240 2396 prorsus
1272 2309 1429 2392 omiserit,

311 2414 535 2497 Hermagorae
579 2419 684 2481 artem
728 2416 914 2503 inspexisse
952 2418 1024 2481 veri
1067 2415 1324 2482 dissimillimum
1370 2419 1429 2480 est.

310 2521 437 2588 Deinde
461 2523 619 2609 perplexa
642 2523 805 2608 expositio
829 2524 1004 2588 notionum
1029 2523 1178 2608 rationis
1207 2522 1428 2596 iudicationis,

309 2629 513 2696 firmamenti
523 2633 547 2712 ⁶)
571 2629 815 2696 dubitationem
840 2630 951 2696 affert.
989 2629 1122 2696 llenim
1146 2630 1275 2696 ratione
1299 2629 1348 2695 ita
1372 2651 1430 2694 ex-

402 2826 418 2893 1)
439 2825 493 2881 Cic.
514 2824 548 2878 de
567 2824 622 2878 inv.
636 2823 685 2888 19,
699 2824 745 2878 12:
768 2825 864 2893 »Quod
883 2826 943 2879 eius
957 2827 1003 2895 (sc.
1017 2825 1224 2895 Hermagorae),
1239 2828 1270 2879 ut
1282 2842 1335 2879 nos
1348 2829 1430 2894 puta-

311 2931 380 2978 mus,
406 2930 463 2966 non
488 2913 628 2968 mediocre
646 2917 795 2984 peccatum
813 2914 1071 2984 reprehendendum
1092 2914 1209 2980 videtur,
1230 2931 1326 2968 verum
1345 2913 1429 2978 brevi,

310 3019 345 3056 ne
365 3005 422 3067 aut,
443 3003 467 3056 si
485 3003 567 3057 taciti
584 3004 816 3073 praeterierimus,
842 3003 901 3057 sine
922 3020 1008 3057 causa
1027 3020 1085 3057 non
1103 3003 1193 3058 secuti
1210 3006 1349 3074 putemur,
1364 3045 1370 3056 .
1385 3043 1391 3055 .
1407 3025 1428 3057 ,ι

309 3092 416 3146 Piderit
433 3092 450 3147 l.
471 3093 516 3148 all.
535 3109 562 3163 p.
579 3092 618 3146 15.
656 3092 753 3147 Thiele
771 3093 788 3146 l.
809 3094 853 3147 all.
873 3110 899 3162 p.
916 3093 957 3148 18.

399 3181 419 3252 ⁹)
440 3183 521 3250 Quod
539 3181 636 3236 'Phiela
656 3181 682 3251 (l.
695 3182 740 3236 all.
760 3200 786 3252 p.
798 3181 842 3250 79)
863 3182 989 3252 quintam
1010 3182 1133 3252 speciem
1145 3185 1178 3235 ut
1191 3197 1430 3252 supervacaneam

309 3273 409 3326 tollere
436 3289 494 3326 nou
527 3272 650 3336 dubitat,
680 3272 816 3326 audacius
845 3287 931 3341 quam
961 3272 1065 3326 rectius
1093 3271 1176 3338 facit3
1207 3287 1330 3341 namquo
1360 3269 1431 3323 haec

310 3361 419 3431 species
443 3362 471 3414 in
494 3361 564 3415 libro
588 3362 681 3431 priore
700 3360 751 3430 (13,
771 3360 811 3431 17)
837 3361 880 3414 ita
903 3361 1102 3414 tantummodo
1127 3360 1244 3414 delenda
1263 3362 1333 3424 erat,
1359 3359 1430 3412 siin

309 3451 398 3504 altero
417 3466 474 3504 non
493 3451 645 3519 separatim
658 3452 783 3527 tractata
796 3451 872 3504 esset
886 3449 973 3520 (1151,
989 3449 1058 3516 153).
1091 3449 1132 3502 ef.
1146 3449 1262 3503 Fortun.
1276 3465 1301 3518 p.
1314 3447 1372 3512 100,
1381 3446 1429 3512 29;

311 3537 370 3602 108,
382 3537 416 3592 18
427 3537 461 3592 Η.

399 3627 417 3695 ⁸)
438 3628 472 3682 de
491 3629 546 3682 inv.
566 3629 615 3693 16,
625 3628 651 3683 8,

398 3717 418 3788 ⁴)
437 3719 454 3772 l.
473 3718 519 3772 all.
538 3717 623 3782 116.

398 3808 417 3877 ⁶)
436 3807 468 3861 ld
493 3807 643 3862 dolendum
668 3810 719 3873 est,
747 3807 880 3878 quoniam
904 3806 983 3860 notio
1002 3803 1138 3858 πολιτινιιῖ
1156 3806 1184 3860 in
1205 3805 1426 3859 controversiam

309 3897 392 3961 cadit,
412 3900 445 3951 ut
463 3897 537 3951 infra
555 3913 736 3968 exponemus.

398 3987 417 4056 θ)
446 3986 545 4040 Utrum
577 3987 646 4040 artis
680 3986 847 4040 vocabulum
874 3985 1006 4040 Latinum
1034 3985 1155 4039 rationis
1189 4001 1222 4039 ac
1254 3982 1429 4039 firmamenti

309 4107 343 4114 —
367 4092 437 4130 voce
465 4078 562 4129 autem
586 4075 766 4130 iudicationis
788 4073 818 4126 τὸ
836 4073 989 4146 κρινόμενον
1013 4074 1091 4128 reddi
1110 4077 1238 4143 apertum
1258 4077 1301 4128 est
1320 4103 1354 4112 —
1373 4071 1428 4125 utri

310 4165 417 4219 Graeco
437 4163 522 4216 αἰτίον
540 4167 570 4219 et
588 4166 735 4229 συνέχοντος
753 4164 929 4234 respondeat,
956 4163 1029 4218 iufra
1059 4163 1214 4218 ostendam.
1253 4163 1322 4216 Vide
1341 4161 1396 4215 Cic.
1410 4161 1427 4214 l.

309 4253 353 4308 au.
367 4254 379 4307 1
394 4253 491 4320 13‚18;
514 4255 554 4318 11,
569 4252 607 4307 re.
