3198 5054
636 370 857 436 ..81-

184 547 333 634 planata,
359 551 398 613 ut
421 547 570 614 defensio
596 548 741 614 oriminis
762 548 988 633 intellegatur,
1014 547 1046 616 id
1074 549 1163 636 qnod
1186 552 1308 618 rationi

185 657 361 722 accusator
383 654 531 740 opponit,
563 654 749 721 transilitur
780 675 820 720 ac
852 656 968 721 statim
992 655 1035 722 ad
1058 656 1305 740 iudicationem,

184 782 271 847 quae
303 764 356 828 est
386 761 615 828 controversia
644 783 686 828 ex
713 761 942 828 infirmatione
964 763 1104 829 rationis
1129 767 1220 850 nata,
1246 765 1306 829 de-

183 867 340 934 flectitur.
397 870 507 954 Atque
543 889 619 934 cnm
654 871 734 936 ante
771 868 1008 936 iudicationem
1043 867 1306 938 infirmationem
1355 909 1357 913 ·

182 975 322 1042 rationis
346 975 469 1061 exponi
492 975 683 1062 oportuerit,
707 975 900 1062 postillam
924 975 1058 1042 demum
1082 976 1193 1043 Cicero
1218 978 1305 1043 hanc

182 1081 336 1148 illustrat
376 1082 555 1148 Praeterea
571 1083 660 1168 quod
676 1103 808 1149 summa
825 1082 1060 1166 controversia,
1085 1104 1172 1169 quae
1188 1083 1305 1170 appel-

181 1187 272 1254 latur
293 1188 471 1272 iudicatio,
488 1189 673 1256 oonst‘tuta
695 1189 958 1274 firmamentum,
982 1190 1078 1256 velut
1094 1191 1123 1256 si
1139 1211 1305 1256 summam

182 1297 413 1380 quaestionem
438 1297 583 1388 superet,
609 1296 803 1383 explicatur,
829 1297 1051 1382 suspicionem
1066 1296 1164 1364 nobis
1181 1301 1305 1381 movet,

181 1403 377 1487 praesertim
398 1404 426 1467 si
445 1403 664 1489 partitionum
685 1403 904 1470 oratoriarum
920 1408 1022 1489 atque
1039 1404 1082 1469 ad
1099 1403 1305 1470 Herennium

182 1508 263 1574 artis
287 1509 470 1577 rhetoricae
495 1530 552 1578 eos
575 1509 676 1591 locoS,
700 1510 758 1597 qui
780 1509 827 1575 illi
841 1509 1053 1597 respondent,
1077 1511 1112 1576 in
1129 1531 1303 1597 compara-

180 1616 307 1682 tionem
329 1636 499 1682 vocamus.
545 1615 698 1702 Namque
727 1638 786 1703 pro
814 1617 878 1682 hac
903 1617 1114 1684 definitione:
1157 1618 1303 1684 »Firma-

180 1725 332 1790 mentum
356 1725 408 1788 est
430 1723 623 1790 firmissima
646 1725 892 1808 argumentatio
917 1723 1101 1790 defensoris
1119 1727 1152 1791 et
1168 1725 1303 1811 adposi-

180 1829 311 1912 tissima
335 1829 378 1896 ad
400 1829 670 1913 iudicationem«,
696 1851 744 1914 ea,
766 1853 868 1918 quam
890 1831 943 1897 hic
968 1835 1047 1898 ante
1063 1830 1301 1898 iudicationem

178 1937 385 2022 requirimur,
402 1937 437 2002 in
454 1937 689 2023 partitionibus
707 1938 859 2004 oratoriis
876 1939 1059 2004 invenitur:
1079 1938 1302 2004 ¹»firmamen-

178 2047 250 2110 tum
276 2094 282 2108 .
308 2094 324 2126 .,
349 2044 438 2130 quod
463 2048 580 2110 contra
603 2043 646 2110 ad
668 2044 942 2112 labefactandam
967 2047 1132 2112 rationem
1149 2045 1300 2128 refertur,

179 2150 250 2216 sine
274 2172 339 2237 quo
364 2151 534 2217 accusatio
559 2154 650 2218 stare
674 2173 742 2220 non
765 2154 946 2238 potest«,²)
969 2173 1114 2238 quacum
1140 2152 1300 2239 explana-

177 2259 268 2323 tione
293 2258 436 2324 concinit
461 2260 606 2326 auctoris
630 2259 673 2324 ad
697 2259 938 2347 Herenniuml)
973 2258 1049 2325 dam
1073 2259 1154 2346 qnid
1179 2259 1219 2326 de
1243 2258 1301 2325 illa

178 2365 399 2450 explicatione
422 2366 457 2431 in
481 2365 619 2432 dubium
643 2369 765 2432 vocata
788 2365 998 2431 iudicemus?
1028 2365 1121 2432 Haec
1147 2367 1300 2452 quaestio

176 2491 245 2538 non
268 2474 340 2538 tam
362 2471 461 2538 facile
485 2472 617 2539 absolvi
637 2476 758 2559 potest,
784 2493 886 2558 quam
902 2472 1017 2542 Thiele
1033 2475 1199 2558 opinatur,
1225 2493 1300 2538 cum

176 2578 260 2644 haec
284 2579 363 2645 dicit
385 2577 405 2644 l.
422 2578 475 2646 all.
492 2602 523 2666 p.
539 2580 598 2646 71:
622 2631 652 2645 ..
670 2630 676 2644 .
693 2601 766 2646 was
791 2579 854 2646 soll
869 2579 960 2645 wohl
982 2579 1070 2645 nach
1094 2579 1168 2645 dem
1192 2582 1298 2663 κρινό-

175 2711 282 2769 μενον,
316 2685 374 2751 der
397 2685 594 2752 definitiven
617 2687 870 2770 Fragestellung
902 2688 1028 2752 scitans
1052 2685 1110 2752 des
1134 2685 1298 2768 RichterS,

176 2793 262 2858 noch
279 2793 352 2858 eine
364 2793 631 2877 Unterstiitzung
647 2795 703 2860 der
719 2795 860 2876 eigenen
875 2795 961 2860 ratio
978 2793 1036 2860 des
1053 2792 1299 2876 Angeklagten,

176 2921 271 2966 wozu
311 2899 416 2966 sollen
455 2900 507 2966 die
552 2901 729 2987 doppclten
767 2899 1089 2984 Rechtfertigungen
1131 2901 1189 2966 des
1226 2901 1299 2964 An-

175 3006 355 3089 geklagten
386 3008 516 3090 dienen,
543 3029 643 3074 wenn
673 3007 776 3072 ihnen
806 3006 884 3072 kein
917 3028 1021 3072 neuer
1044 3005 1210 3073 llinwand
1240 3005 1299 3070 des

174 3112 314 3196 Kldgers
338 3116 604 3198 entgegcntritt?
651 3115 749 3180 Diese
774 3113 961 3196 Erklairung
990 3115 1036 3178 ist
1067 3114 1138 3178 also
1164 3111 1298 3178 einfach

175 3241 217 3284 cu
239 3220 433 3288 verwerfen.
480 3222 518 3288 ln
542 3244 609 3308 qua
632 3221 803 3287 sententia
825 3220 1023 3304 proferenda
1045 3219 1217 3285 notionem
1240 3227 1296 3282 τοῦ

174 3331 364 3412 κρινομένου
387 3349 456 3395 non
479 3332 568 3395 recte
592 3329 832 3414 interpretatus
858 3330 918 3395 est.
963 3325 1080 3414 Neque
1108 3328 1195 3392 enim
1211 3325 1297 3392 iudi-

175 3435 262 3500 catio
285 3434 432 3519 intellegi
455 3439 568 3520 potest
592 3457 632 3502 ea
657 3437 819 3522 quaestio,
850 3455 936 3521 quae
961 3438 1111 3500 extrema
1136 3433 1296 3500 orationi-

173 3541 237 3606 bus
269 3542 473 3609 accusatoris
507 3546 542 3608 et
572 3543 756 3608 defensoris
787 3541 922 3625 habitis,
956 3543 994 3606 nt
1025 3544 1224 3623 argumenta
1252 3539 1295 3605 ab

174 3650 315 3736 utroque
349 3648 481 3735 prolata
512 3652 649 3736 spectet,
685 3650 849 3716 iudicibus
882 3644 1094 3714 diiudicanda
1128 3651 1189 3729 est,
1222 3667 1297 3711 cum
1365 3667 1366 3670 ¹

174 3756 218 3820 sit
241 3754 353 3841 potius
377 3777 427 3840 ea,
460 3756 628 3843 adquam
654 3759 688 3822 et
717 3760 892 3822 accusator
915 3758 949 3820 et
980 3753 1135 3819 defensor
1165 3773 1296 3818 omnem

263 4007 280 4074 ¹)
299 4005 374 4060 Part.
395 4022 435 4060 or.
453 4003 567 4069 29,103.

262 4113 281 4179 q
300 4112 311 4164 Ι
327 4112 366 4176 16,
378 4111 428 4166 26;
446 4111 670 4166 >firmamentum
685 4153 689 4164 .
705 4154 725 4176 .,
739 4111 768 4165 id
782 4114 832 4176 est,
848 4109 923 4180 quod
936 4110 1064 4166 continet
1078 4108 1291 4163 accusationem

173 4202 246 4272 quod
269 4201 398 4255 adfertur
417 4204 516 4255 contra
534 4201 672 4255 rationem
693 4200 892 4255 defensionis«

224 4296 344 4340 daeneke.
1099 4286 1117 4338 6
