3198 5054
618 408 837 473 ..95-

257 582 456 650 Rhetoricae
492 586 634 650 materia
668 585 750 651 locis
785 587 882 652 tertio
915 590 949 652 01
980 587 1106 652 decimo
1142 588 1290 674 exceptis

167 692 305 758 notione
328 693 488 756 πολιτικοῦ
517 691 721 758 describitur.
768 691 883 779 Neque
915 692 1153 776 Hermagoram
1185 695 1220 759 in
1251 716 1291 760 eo

169 799 388 882 acquievisse,
421 797 511 884 quod
541 798 739 865 rhetoricam
771 799 814 864 ad
842 821 895 865 res
919 800 1033 866 civiles
1062 800 1186 884 retulit,
1220 802 1289 886 sed,

168 907 208 970 ut
231 905 374 990 speciem
400 904 573 971 cuiusdam
589 905 749 972 scientiae
768 927 848 992 prae
868 906 1017 983 0010101,
1042 907 1152 994 ipsum
1167 929 1291 974 munus

169 1012 386 1097 quaestiones
409 1014 599 1099 propositas
622 1011 773 1079 solvendi
798 1014 921 1079 oratori
945 1015 1183 1098 assignavisse,
1216 1037 1289 1081 cum

169 1117 226 1184 alii
256 1119 407 1184 rhetores
438 1118 661 1185 elocutionem
691 1119 795 1205 pluris
826 1121 1080 1187 aestimaverint
1108 1143 1209 1208 quem
1239 1124 1291 1188 in-

170 1226 397 1311 quisitionem,
423 1246 483 1290 sex
506 1225 586 1292 10010
610 1225 652 1312 (4,
677 1228 707 1309 5,
733 1227 764 1309 6,
788 1229 818 1310 7,
842 1229 872 1312 8,
898 1227 961 1315 90)
985 1228 1210 1296 confirmatur.

258 1349 359 1415 Porro
391 1349 561 1416 distinctio
593 1350 697 1416 0111011
728 1353 763 1416 01
797 1351 886 1432 finis,
923 1352 963 1417 de
996 1374 1062 1438 qua
1095 1356 1174 1419 ante
1206 1355 1289 1419 satis

169 1455 323 1538 diximus,
346 1457 429 1523 item
446 1478 506 1522 sex
521 1456 601 1523 locis
619 1459 660 1541 (1,
678 1459 709 1541 2,
725 1458 757 1540 4,
775 1459 806 1540 5,
823 1459 853 1542 6,
871 1459 904 1540 7)
928 1449 1074 1545 apparet.
1121 1461 1232 1546 Atque
1256 1461 1291 1525 in

167 1562 224 1628 illo
248 1563 458 1628 terminando
474 1564 548 1629 istis
567 1564 690 1630 verbis:
718 1567 933 1631 »διατίθεσθαι
948 1573 1131 1638 πειστικῶςτ
1150 1565 1290 1632 Ηο11110-

169 1691 285 1753 goram
317 1691 417 1735 usum
449 1692 523 1736 esse
554 1671 650 1737 Sexti
681 1670 835 1757 Empirici
866 1670 1017 1738 definitio
1048 1673 1110 1758 (4),
1147 1694 1290 1759 quacum

169 1775 335 1843 Ciceronis
367 1781 377 1852 1
383 1778 417 1842 1:
449 1777 575 1843 »dicere
599 1779 751 1864 apposite
776 1779 818 1844 ad
842 1780 1125 1864 persuasionem«)
1155 1783 1189 1846 01
1210 1780 1290 1846 lolii

169 1884 313 1949 Victoris
345 1885 392 1965 (7²
429 1905 545 1970 »posse
577 1885 740 1970 probabili
771 1889 807 1951 et
837 1890 919 1972 apta
947 1885 989 1950 ad
1020 1886 1290 1972 persuadendum

170 1991 321 2058 oratione
344 1991 428 2074 uti«)
461 1991 662 2058 conferenda
690 1997 752 2074 est,
787 1992 995 2059 demonstrat
1022 1993 1129 2079 iisque
1158 1996 1289 2060 cautius

169 2099 316 2163 muneris
341 2100 475 2165 oratorii
503 2087 748 2181 coangustandi
772 2121 876 2166 causa
898 2099 961 2166 boc
984 2103 1053 2167 1010
1077 2103 1290 2167 enuntiatum

170 2225 245 2270 eum
271 2205 482 2272 adiunxisse:
506 2208 592 2273 καθὸ
616 2211 635 2291 ἡ
660 2215 724 2272 τῶν
744 2210 941 2291 πραγμάτων
956 2211 1089 2273 καὶτῶν
1104 2212 1290 2291 προσώπων

169 2314 264 2395 φύσις
288 2315 450 2395 ἐνδέχεται,
475 2313 527 2378 cui
550 2312 753 2399 respondent
776 2314 880 2380 verba
902 2315 1013 2379 minus
1037 2313 1179 2380 definita
1201 2315 1290 2380 ideo-

171 2439 235 2503 que
259 2417 323 2483 illis
346 2419 580 2505 postponenda
611 2419 740 2506 »quoad
765 2421 836 2485 cius
860 2420 934 2486 11011
957 2423 1098 2508 poterit«
1127 2422 1178 2508 (2),
1210 2425 1290 2487 κατὰ

169 2527 205 2590 τὸ
246 2528 454 2610 ἐνδεχόμενον
494 2527 550 2613 (4),
594 2529 671 2593 ὅσον
706 2531 860 2612 ἐφ’ἑαατῇ
896 2527 975 2613 (10),
1016 2531 1171 2593 auctores
1210 2533 1290 2594 sunt

169 2633 380 2714 Augustinus
412 2633 460 2719 (52
487 2638 673 2719 »quatenus
701 2655 811 2699 rerum
840 2637 874 2700 et
900 2655 1118 2721 personarum
1142 2635 1289 2701 condicio

169 2739 332 2824 patitur«)
357 2744 390 2804 et
407 2740 669 2806 Fortunatianus
687 2741 742 2828 (6),
768 2743 832 2806 nisi
848 2741 937 2827 quod
959 2741 1013 2807 hio
1036 2763 1209 2828 perperam
1232 2742 1290 2807 illa

166 2844 208 2910 ad
244 2845 348 2910 finem
378 2845 501 2912 retulit.
559 2847 677 2933 itaque
711 2848 758 2914 010
792 2848 861 2912 fere
894 2847 1117 2932 Hermagoras
1149 2850 1289 2915 oratoris

166 2973 290 3017 munus
312 2953 481 3020 definivit:
504 2957 619 3020 τελείου
644 2959 780 3039 ῥήτορος
803 2959 896 3039 ἔργον
919 2958 981 3020 ἐστὶ
1002 2958 1038 3020 τὸ
1061 2958 1152 3021 τεθὲν
1174 2959 1288 3022 πολιτι-

165 3061 227 3124 κὸν
258 3063 381 3145 ζήτημα
415 3063 619 3137 διατίθεσθαι,
651 3064 738 3126 καθὸ
769 3066 788 3145 ἡ
820 3069 884 3127 τῶν
914 3066 1112 3146 πραγμάτων
1142 3066 1196 3128 καὶ
1225 3071 1289 3129 τῶν

164 3169 354 3250 προσώπων
377 3171 472 3252 φύσις
495 3171 659 3252 ἐνδέχεται,
682 3177 856 3241 πειστικῶς.
887 3169 1002 3234 Finem
1020 3174 1135 3235 autem
1150 3190 1288 3255 persua-

166 3273 268 3338 dendi
296 3276 376 3360 quin
405 3274 634 3341 additamento
658 3278 745 3360 1όγῳ
769 3276 812 3342 ab
841 3276 914 3342 aliis
939 3275 1044 3342 modis
1067 3276 1289 3363 persuadendi

165 3382 401 3463 segregaverit,
442 3403 646 3469 quamquam
681 3382 782 3450 nullis
817 3382 897 3449 locis
932 3383 996 3448 nisi
1032 3383 1196 3450 Ciceronis
1231 3383 1288 3470 (1),

164 3473 248 3552 dolii
272 3485 416 3554 Victoris
448 3489 500 3575 (7),
536 3490 622 3554 Max.
650 3489 810 3556 Pianudis
843 3489 910 3576 (10)
953 3490 1139 3578 1110111111)
1174 3495 1289 3556 tamen

164 3633 380 3646 --—--——....

258 3701 277 3771 1)
297 3701 377 3768 Quod
409 3701 599 3769 Quintilianus
629 3702 831 3772 Hermagoram
861 3703 990 3758 docuisse
1019 3703 1107 3758 1111010
1132 3703 1289 3758 rhetoricae

166 3805 230 3845 esse
259 3791 480 3861 persuasibiliter
499 3792 590 3845 dicere
613 3792 702 3846 tradit
726 3792 771 3862 (3),
798 3793 996 3847 emendatione
1025 3809 1095 3863 opus
1123 3797 1175 3847 est.
1217 3792 1289 3848 Nam

165 3878 262 3934 verbis
282 3879 518 3950 »persuasibiliter
538 3869 660 3946 dicere‹‚'
680 3881 783 3952 quippe
802 3881 903 3951 quibus
922 3881 1051 3936 definitio
1071 3881 1160 3936 0111011
1181 3882 1289 3936 »dicere

166 3969 300 4039 apposite
323 3970 360 4023 ad
384 3973 612 4040 persuasionem«
638 3971 676 4040 (1;
697 3971 732 4024 cf.
751 3970 777 4037 4,
788 3970 813 4039 7)
836 3971 1016 4042 respondeat,
1042 3971 1212 4032 0011110010,
1239 3972 1288 4024 sed

168 4057 296 4112 officium
322 4058 590 4130 describiapcrtum
616 4062 668 4114 est.
706 4061 835 4114 Ceterum
865 4077 949 4130 quam
976 4077 1033 4114 non
1060 4060 1178 4129 diligens
1202 4059 1288 4114 fuerit

168 4147 364 4213 Quintilianus
391 4163 426 4202 ex
450 4165 483 4204 eo
509 4148 633 4218 intellegi
658 4151 761 4219 potest,
788 4148 864 4218 quod
886 4149 916 4202 in
936 4149 991 4204 hac
1010 4149 1185 4213 delinitione,
1204 4165 1288 4219 quam

168 4236 264 4291 Cicero
284 4237 410 4292 exbibet:
437 4238 519 4292 ›finis
538 4237 706 4308 persuadere
725 4238 864 4292 dictione«
886 4238 1112 4293 additamentum
1132 4238 1286 4292 ›dictione‹
