<?xml version="1.0" encoding="UTF-8"?>
<!DOCTYPE html PUBLIC "-//W3C//DTD XHTML 1.0 Transitional//EN"
    "http://www.w3.org/TR/xhtml1/DTD/xhtml1-transitional.dtd">
<html xmlns="http://www.w3.org/1999/xhtml" xml:lang="en" lang="en">
 <head>
  <title>
</title>
<meta http-equiv="Content-Type" content="text/html;charset=utf-8" />
  <meta name='ocr-system' content='tesseract 3.04.00' />
  <meta name='ocr-capabilities' content='ocr_page ocr_carea ocr_par ocr_line ocrx_word'/>
</head>
<body>
  <div class='ocr_page' id='page_1' title='image "./destatuumdoctri00jaengoog_0051.png"; bbox 0 0 3224 5044; ppageno 0'>
   <div class='ocr_carea' id='block_1_1' title="bbox 758 396 979 462">
    <p class='ocr_par' dir='ltr' id='par_1_1' title="bbox 758 396 979 462">
     <span class='ocr_line' id='line_1_1' title="bbox 758 396 979 462; baseline 0 -18"><span class='ocrx_word' id='word_1_1' title='bbox 758 396 979 462; x_wconf 74' lang='grc'>,38-</span> 
     </span>
    </p>
   </div>
   <div class='ocr_carea' id='block_1_2' title="bbox 309 573 1433 1302">
    <p class='ocr_par' dir='ltr' id='par_1_2' title="bbox 309 573 1433 1302">
     <span class='ocr_line' id='line_1_2' title="bbox 309 573 1429 656; baseline 0.002 -18"><span class='ocrx_word' id='word_1_2' title='bbox 309 594 488 650; x_wconf 85' lang='lat' dir='ltr'>causarum</span> <span class='ocrx_word' id='word_1_3' title='bbox 530 573 697 656; x_wconf 83' lang='lat' dir='ltr'>iudiciale,</span> <span class='ocrx_word' id='word_1_4' title='bbox 741 573 1009 656; x_wconf 82' lang='lat' dir='ltr'>deliberativum,</span> <span class='ocrx_word' id='word_1_5' title='bbox 1056 575 1359 640; x_wconf 86' lang='lat' dir='ltr'>demonstrativum</span> <span class='ocrx_word' id='word_1_6' title='bbox 1395 574 1429 640; x_wconf 91' lang='lat' dir='ltr'>in</span> 
     </span>
     <span class='ocr_line' id='line_1_3' title="bbox 310 678 1431 766; baseline 0 -20"><span class='ocrx_word' id='word_1_7' title='bbox 310 701 385 746; x_wconf 90' lang='lat' dir='ltr'>earn</span> <span class='ocrx_word' id='word_1_8' title='bbox 425 678 608 745; x_wconf 91' lang='lat' dir='ltr'>seeundum</span> <span class='ocrx_word' id='word_1_9' title='bbox 643 680 859 746; x_wconf 85' lang='lat' dir='ltr'>Aristotelem</span> <span class='ocrx_word' id='word_1_10' title='bbox 899 679 1035 764; x_wconf 87' lang='lat' dir='ltr'>cadent,</span> <span class='ocrx_word' id='word_1_11' title='bbox 1076 679 1289 766; x_wconf 88' lang='lat' dir='ltr'>comparandi</span> <span class='ocrx_word' id='word_1_12' title='bbox 1327 701 1431 746; x_wconf 85' lang='lat' dir='ltr'>cause</span> 
     </span>
     <span class='ocr_line' id='line_1_4' title="bbox 310 786 1430 874; baseline 0.001 -23"><span class='ocrx_word' id='word_1_13' title='bbox 310 807 519 874; x_wconf 83' lang='lat' dir='ltr'>quaeremus</span> <span class='ocrx_word' id='word_1_14' title='bbox 565 786 698 852; x_wconf 80' lang='lat' dir='ltr'>Etenim</span> <span class='ocrx_word' id='word_1_15' title='bbox 729 808 810 852; x_wconf 88' lang='lat' dir='ltr'>num</span> <span class='ocrx_word' id='word_1_16' title='bbox 840 787 1063 871; x_wconf 80' lang='lat' dir='ltr'><strong>Hermagoras</strong></span> <span class='ocrx_word' id='word_1_17' title='bbox 1087 787 1192 854; x_wconf 87' lang='lat' dir='ltr'>civilis</span> <span class='ocrx_word' id='word_1_18' title='bbox 1224 787 1430 873; x_wconf 79' lang='lat' dir='ltr'>quaestionis</span> 
     </span>
     <span class='ocr_line' id='line_1_5' title="bbox 310 893 1431 980; baseline 0 -20"><span class='ocrx_word' id='word_1_19' title='bbox 310 894 440 960; x_wconf 92' lang='lat' dir='ltr'>notioni</span> <span class='ocrx_word' id='word_1_20' title='bbox 463 893 763 960; x_wconf 89' lang='lat' dir='ltr'>demonstrativum</span> <span class='ocrx_word' id='word_1_21' title='bbox 789 915 919 980; x_wconf 93' lang='lat' dir='ltr'>quoque</span> <span class='ocrx_word' id='word_1_22' title='bbox 943 915 1049 977; x_wconf 90' lang='lat' dir='ltr'>genus</span> <span class='ocrx_word' id='word_1_23' title='bbox 1073 895 1261 974; x_wconf 88' lang='lat' dir='ltr'>subiecerit,</span> <span class='ocrx_word' id='word_1_24' title='bbox 1294 893 1431 960; x_wconf 90' lang='lat' dir='ltr'>dubium</span> 
     </span>
     <span class='ocr_line' id='line_1_6' title="bbox 311 1000 1431 1088; baseline -0.001 -21"><span class='ocrx_word' id='word_1_25' title='bbox 311 1003 373 1084; x_wconf 80' lang='lat' dir='ltr'>est,</span> <span class='ocrx_word' id='word_1_26' title='bbox 402 1002 497 1066; x_wconf 91' lang='lat' dir='ltr'>utin</span> <span class='ocrx_word' id='word_1_27' title='bbox 523 1001 631 1087; x_wconf 87' lang='lat' dir='ltr'>capite</span> <span class='ocrx_word' id='word_1_28' title='bbox 655 1001 754 1066; x_wconf 87' lang='lat' dir='ltr'>tertio</span> <span class='ocrx_word' id='word_1_29' title='bbox 778 1000 928 1088; x_wconf 90' lang='lat' dir='ltr'>pluribus</span> <span class='ocrx_word' id='word_1_30' title='bbox 961 1022 1174 1086; x_wconf 78' lang='lat' dir='ltr'>exponemus,</span> <span class='ocrx_word' id='word_1_31' title='bbox 1221 1002 1324 1087; x_wconf 84' lang='lat' dir='ltr'>Atqui</span> <span class='ocrx_word' id='word_1_32' title='bbox 1357 1002 1431 1066; x_wconf 83' lang='lat' dir='ltr'>Ari-</span> 
     </span>
     <span class='ocr_line' id='line_1_7' title="bbox 311 1106 1433 1191; baseline -0.001 -18"><span class='ocrx_word' id='word_1_33' title='bbox 311 1106 450 1173; x_wconf 82' lang='lat' dir='ltr'>stoteles</span> <span class='ocrx_word' id='word_1_34' title='bbox 474 1107 555 1173; x_wconf 89' lang='lat' dir='ltr'>illud</span> <span class='ocrx_word' id='word_1_35' title='bbox 580 1130 600 1173; x_wconf 87' lang='lat' dir='ltr'>a</span> <span class='ocrx_word' id='word_1_36' title='bbox 623 1108 759 1172; x_wconf 83' lang='lat' dir='ltr'>notione</span> <span class='ocrx_word' id='word_1_37' title='bbox 782 1117 838 1172; x_wconf 85' lang='grc' dir='ltr'><strong><em>τοῦ</em></strong></span> <span class='ocrx_word' id='word_1_38' title='bbox 865 1110 1027 1173; x_wconf 74' lang='grc' dir='ltr'><strong><em>πολιτικοιῖ</em></strong></span> <span class='ocrx_word' id='word_1_39' title='bbox 1050 1111 1177 1191; x_wconf 78' lang='grc' dir='ltr'><strong><em>ἀγῶνος</em></strong></span> <span class='ocrx_word' id='word_1_40' title='bbox 1200 1108 1369 1190; x_wconf 82' lang='lat' dir='ltr'>disiunxit,</span> <span class='ocrx_word' id='word_1_41' title='bbox 1398 1107 1433 1172; x_wconf 86' lang='lat' dir='ltr'>id</span> 
     </span>
     <span class='ocr_line' id='line_1_8' title="bbox 311 1205 1431 1302; baseline -0.001 -22"><span class='ocrx_word' id='word_1_42' title='bbox 311 1215 400 1300; x_wconf 92' lang='lat' dir='ltr'>quod</span> <span class='ocrx_word' id='word_1_43' title='bbox 423 1214 487 1280; x_wconf 90' lang='lat' dir='ltr'>hoc</span> <span class='ocrx_word' id='word_1_44' title='bbox 510 1214 582 1280; x_wconf 92' lang='lat' dir='ltr'>loco</span> <span class='ocrx_word' id='word_1_45' title='bbox 606 1213 823 1280; x_wconf 82' lang='lat' dir='ltr'>manifestum</span> <span class='ocrx_word' id='word_1_46' title='bbox 852 1220 905 1280; x_wconf 90' lang='lat' dir='ltr'>est</span> <span class='ocrx_word' id='word_1_47' title='bbox 933 1215 1026 1296; x_wconf 90' lang='lat' dir='ltr'>(rhet.</span> <span class='ocrx_word' id='word_1_48' title='bbox 1047 1215 1074 1280; x_wconf 91' lang='grc' dir='ltr'>Β</span> <span class='ocrx_word' id='word_1_49' title='bbox 1098 1216 1139 1280; x_wconf 87' lang='grc'>18</span> <span class='ocrx_word' id='word_1_50' title='bbox 1166 1238 1196 1302; x_wconf 91' lang='lat' dir='ltr'>p.</span> <span class='ocrx_word' id='word_1_51' title='bbox 1221 1205 1431 1298; x_wconf 79' lang='lat' dir='ltr'>13&#39;91b,1e):</span> 
     </span>
    </p>
   </div>
   <div class='ocr_carea' id='block_1_3' title="bbox 312 1323 1433 1406">
    <p class='ocr_par' dir='ltr' id='par_1_3' title="bbox 312 1323 1433 1406">
     <span class='ocr_line' id='line_1_9' title="bbox 312 1323 1433 1406; baseline 0.002 -20"><span class='ocrx_word' id='word_1_52' title='bbox 312 1323 396 1393; x_wconf 84' lang='grc' dir='ltr'><em>ὅλως</em></span> <span class='ocrx_word' id='word_1_53' title='bbox 420 1323 455 1386; x_wconf 74' lang='grc' dir='ltr'>δὲ</span> <span class='ocrx_word' id='word_1_54' title='bbox 484 1325 585 1405; x_wconf 84' lang='grc' dir='ltr'><strong><em>μόνος</em></strong></span> <span class='ocrx_word' id='word_1_55' title='bbox 615 1325 694 1388; x_wconf 76' lang='grc' dir='ltr'><strong><em>ἐστὶν</em></strong></span> <span class='ocrx_word' id='word_1_56' title='bbox 718 1325 828 1394; x_wconf 83' lang='grc' dir='ltr'><strong><em>ἁπλῶς</em></strong></span> <span class='ocrx_word' id='word_1_57' title='bbox 850 1324 958 1406; x_wconf 86' lang='grc' dir='ltr'><strong><em>κριτὴς</em></strong></span> <span class='ocrx_word' id='word_1_58' title='bbox 989 1326 1021 1386; x_wconf 79' lang='grc' dir='ltr'>ἐν</span> <span class='ocrx_word' id='word_1_59' title='bbox 1043 1331 1107 1394; x_wconf 84' lang='grc' dir='ltr'><strong><em>ταῖς</em></strong></span> <span class='ocrx_word' id='word_1_60' title='bbox 1126 1326 1294 1394; x_wconf 81' lang='grc' dir='ltr'><strong><em>πολιτικοῖς</em></strong></span> <span class='ocrx_word' id='word_1_61' title='bbox 1314 1325 1433 1406; x_wconf 81' lang='grc' dir='ltr'><strong><em>ἀγῶσιν</em></strong></span> 
     </span>
    </p>
   </div>
   <div class='ocr_carea' id='block_1_4' title="bbox 311 1431 1433 1730">
    <p class='ocr_par' dir='ltr' id='par_1_4' title="bbox 311 1431 1433 1730">
     <span class='ocr_line' id='line_1_10' title="bbox 312 1431 1433 1514; baseline 0 -20"><span class='ocrx_word' id='word_1_62' title='bbox 312 1432 330 1494; x_wconf 85' lang='grc' dir='ltr'>ὁ</span> <span class='ocrx_word' id='word_1_63' title='bbox 353 1432 390 1493; x_wconf 87' lang='grc' dir='ltr'><strong><em>τὰ</em></strong></span> <span class='ocrx_word' id='word_1_64' title='bbox 424 1431 599 1514; x_wconf 84' lang='grc' dir='ltr'><strong><em>ζητούμενα</em></strong></span> <span class='ocrx_word' id='word_1_65' title='bbox 630 1432 757 1512; x_wconf 84' lang='grc' dir='ltr'><strong><em>κρίνων’</em></strong></span> <span class='ocrx_word' id='word_1_66' title='bbox 789 1432 826 1493; x_wconf 84' lang='grc' dir='ltr'><strong><em>τά</em></strong></span> <span class='ocrx_word' id='word_1_67' title='bbox 849 1455 881 1494; x_wconf 88' lang='grc' dir='ltr'><strong><em>τε</em></strong></span> <span class='ocrx_word' id='word_1_68' title='bbox 905 1431 965 1512; x_wconf 83' lang='grc' dir='ltr'>γὰρ</span> <span class='ocrx_word' id='word_1_69' title='bbox 989 1432 1271 1513; x_wconf 75' lang='grc' dir='ltr'><strong><em>ἀμφισβητούμενα</em></strong></span> <span class='ocrx_word' id='word_1_70' title='bbox 1304 1433 1433 1514; x_wconf 81' lang='grc' dir='ltr'><strong><em>ζητεῖται</em></strong></span> 
     </span>
     <span class='ocr_line' id='line_1_11' title="bbox 311 1535 1433 1622; baseline 0.001 -22"><span class='ocrx_word' id='word_1_71' title='bbox 311 1543 382 1608; x_wconf 85' lang='grc' dir='ltr'>πῶς</span> <span class='ocrx_word' id='word_1_72' title='bbox 418 1540 496 1620; x_wconf 79' lang='grc' dir='ltr'><strong><em>ἔχει,</em></strong></span> <span class='ocrx_word' id='word_1_73' title='bbox 534 1539 588 1601; x_wconf 77' lang='grc' dir='ltr'>καὶ</span> <span class='ocrx_word' id='word_1_74' title='bbox 623 1539 694 1619; x_wconf 81' lang='grc' dir='ltr'><strong><em>περὶ</em></strong></span> <span class='ocrx_word' id='word_1_75' title='bbox 726 1536 773 1602; x_wconf 81' lang='grc' dir='ltr'>ὧν</span> <span class='ocrx_word' id='word_1_76' title='bbox 807 1539 1020 1620; x_wconf 79' lang='grc' dir='ltr'><strong><em>βουλεύονται.</em></strong></span> <span class='ocrx_word' id='word_1_77' title='bbox 1074 1535 1152 1622; x_wconf 82' lang='lat' dir='ltr'>(llla</span> <span class='ocrx_word' id='word_1_78' title='bbox 1185 1535 1228 1602; x_wconf 82' lang='lat' dir='ltr'>ad</span> <span class='ocrx_word' id='word_1_79' title='bbox 1264 1536 1433 1622; x_wconf 82' lang='lat' dir='ltr'>quaestio-</span> 
     </span>
     <span class='ocr_line' id='line_1_12' title="bbox 312 1641 1432 1730; baseline 0.001 -22"><span class='ocrx_word' id='word_1_80' title='bbox 312 1663 374 1708; x_wconf 92' lang='lat' dir='ltr'>nes</span> <span class='ocrx_word' id='word_1_81' title='bbox 411 1641 596 1727; x_wconf 59' lang='lat' dir='ltr'>iudiciales</span> <span class='ocrx_word' id='word_1_82' title='bbox 634 1644 718 1708; x_wconf 87' lang='lat' dir='ltr'>haec</span> <span class='ocrx_word' id='word_1_83' title='bbox 754 1642 797 1708; x_wconf 89' lang='lat' dir='ltr'>ad</span> <span class='ocrx_word' id='word_1_84' title='bbox 834 1641 1097 1710; x_wconf 76' lang='lat' dir='ltr'>consultationes</span> <span class='ocrx_word' id='word_1_85' title='bbox 1131 1642 1244 1709; x_wconf 88' lang='lat' dir='ltr'>referri</span> <span class='ocrx_word' id='word_1_86' title='bbox 1283 1643 1398 1730; x_wconf 83' lang='lat' dir='ltr'>patet.)</span> <span class='ocrx_word' id='word_1_87' title='bbox 1410 1647 1432 1725; x_wconf 87' lang='lat'>1)</span> 
     </span>
    </p>
   </div>
   <div class='ocr_carea' id='block_1_5' title="bbox 312 1749 1439 3442">
    <p class='ocr_par' dir='ltr' id='par_1_5' title="bbox 312 1749 1438 2995">
     <span class='ocr_line' id='line_1_13' title="bbox 312 1749 1432 1836; baseline 0 -20"><span class='ocrx_word' id='word_1_88' title='bbox 312 1752 424 1836; x_wconf 87' lang='lat' dir='ltr'>Atque</span> <span class='ocrx_word' id='word_1_89' title='bbox 468 1749 637 1816; x_wconf 91' lang='lat' dir='ltr'>doctrinae</span> <span class='ocrx_word' id='word_1_90' title='bbox 675 1749 920 1833; x_wconf 89' lang='lat' dir='ltr'>Hermagoreae</span> <span class='ocrx_word' id='word_1_91' title='bbox 960 1753 1035 1816; x_wconf 88' lang='lat' dir='ltr'>tota</span> <span class='ocrx_word' id='word_1_92' title='bbox 1072 1751 1219 1833; x_wconf 83' lang='lat' dir='ltr'>ratione,</span> <span class='ocrx_word' id='word_1_93' title='bbox 1264 1771 1350 1836; x_wconf 88' lang='lat' dir='ltr'>quae</span> <span class='ocrx_word' id='word_1_94' title='bbox 1390 1749 1432 1816; x_wconf 91' lang='lat' dir='ltr'>ad</span> 
     </span>
     <span class='ocr_line' id='line_1_14' title="bbox 312 1856 1432 1940; baseline 0 -19"><span class='ocrx_word' id='word_1_95' title='bbox 312 1856 479 1923; x_wconf 85' lang='lat' dir='ltr'>forensem</span> <span class='ocrx_word' id='word_1_96' title='bbox 510 1858 769 1940; x_wconf 82' lang='lat' dir='ltr'>contentionem,</span> <span class='ocrx_word' id='word_1_97' title='bbox 802 1857 821 1922; x_wconf 91' lang='lat' dir='ltr'>i.</span> <span class='ocrx_word' id='word_1_98' title='bbox 843 1880 869 1922; x_wconf 84' lang='lat' dir='ltr'>e.</span> <span class='ocrx_word' id='word_1_99' title='bbox 894 1857 938 1923; x_wconf 88' lang='lat' dir='ltr'>ad</span> <span class='ocrx_word' id='word_1_100' title='bbox 962 1858 1205 1922; x_wconf 86' lang='lat' dir='ltr'>controversias</span> <span class='ocrx_word' id='word_1_101' title='bbox 1234 1856 1432 1924; x_wconf 81' lang='lat' dir='ltr'>iuridiciales</span> 
     </span>
     <span class='ocr_line' id='line_1_15' title="bbox 314 1962 1433 2050; baseline -0.002 -20"><span class='ocrx_word' id='word_1_102' title='bbox 314 1969 349 2030; x_wconf 91' lang='lat' dir='ltr'>et</span> <span class='ocrx_word' id='word_1_103' title='bbox 373 1962 608 2030; x_wconf 85' lang='lat' dir='ltr'>deliberativas</span> <span class='ocrx_word' id='word_1_104' title='bbox 632 1966 769 2050; x_wconf 85' lang='lat' dir='ltr'>spectet,</span> <span class='ocrx_word' id='word_1_105' title='bbox 780 1963 803 2050; x_wconf 70' lang='lat'>²)</span> <span class='ocrx_word' id='word_1_106' title='bbox 837 1964 1138 2030; x_wconf 87' lang='lat' dir='ltr'>demonstrativum</span> <span class='ocrx_word' id='word_1_107' title='bbox 1170 1985 1276 2046; x_wconf 85' lang='lat' dir='ltr'>genus</span> <span class='ocrx_word' id='word_1_108' title='bbox 1308 1963 1336 2029; x_wconf 91' lang='lat' dir='ltr'>si</span> <span class='ocrx_word' id='word_1_109' title='bbox 1365 1984 1433 2029; x_wconf 91' lang='lat' dir='ltr'>non</span> 
     </span>
     <span class='ocr_line' id='line_1_16' title="bbox 315 2070 1434 2157; baseline 0 -21"><span class='ocrx_word' id='word_1_110' title='bbox 315 2071 496 2153; x_wconf 87' lang='lat' dir='ltr'>exclusum,</span> <span class='ocrx_word' id='word_1_111' title='bbox 522 2073 559 2137; x_wconf 88' lang='lat' dir='ltr'>at</span> <span class='ocrx_word' id='word_1_112' title='bbox 583 2073 670 2136; x_wconf 90' lang='lat' dir='ltr'>certe</span> <span class='ocrx_word' id='word_1_113' title='bbox 694 2070 830 2136; x_wconf 89' lang='lat' dir='ltr'>minoris</span> <span class='ocrx_word' id='word_1_114' title='bbox 855 2072 1016 2136; x_wconf 87' lang='lat' dir='ltr'>momenti</span> <span class='ocrx_word' id='word_1_115' title='bbox 1040 2075 1100 2136; x_wconf 91' lang='lat' dir='ltr'>est.</span> <span class='ocrx_word' id='word_1_116' title='bbox 1139 2071 1255 2157; x_wconf 90' lang='lat' dir='ltr'>ltaque</span> <span class='ocrx_word' id='word_1_117' title='bbox 1280 2071 1334 2137; x_wconf 88' lang='lat' dir='ltr'>vel</span> <span class='ocrx_word' id='word_1_118' title='bbox 1357 2071 1434 2136; x_wconf 90' lang='lat' dir='ltr'>binc</span> 
     </span>
     <span class='ocr_line' id='line_1_17' title="bbox 313 2176 1436 2260; baseline 0.002 -18"><span class='ocrx_word' id='word_1_119' title='bbox 313 2179 384 2242; x_wconf 91' lang='lat' dir='ltr'>veri</span> <span class='ocrx_word' id='word_1_120' title='bbox 408 2176 566 2242; x_wconf 90' lang='lat' dir='ltr'>dissimile</span> <span class='ocrx_word' id='word_1_121' title='bbox 590 2180 643 2243; x_wconf 90' lang='lat' dir='ltr'>est</span> <span class='ocrx_word' id='word_1_122' title='bbox 666 2176 915 2260; x_wconf 89' lang='lat' dir='ltr'>Hermagoram,</span> <span class='ocrx_word' id='word_1_123' title='bbox 946 2198 1019 2244; x_wconf 92' lang='lat' dir='ltr'>cum</span> <span class='ocrx_word' id='word_1_124' title='bbox 1048 2178 1237 2244; x_wconf 82' lang='lat' dir='ltr'>Aristotelis</span> <span class='ocrx_word' id='word_1_125' title='bbox 1266 2178 1436 2244; x_wconf 87' lang='lat' dir='ltr'>sententia</span> 
     </span>
     <span class='ocr_line' id='line_1_18' title="bbox 313 2284 1435 2371; baseline 0 -21"><span class='ocrx_word' id='word_1_126' title='bbox 313 2285 412 2350; x_wconf 92' lang='lat' dir='ltr'>modo</span> <span class='ocrx_word' id='word_1_127' title='bbox 436 2284 568 2371; x_wconf 89' lang='lat' dir='ltr'>prolate</span> <span class='ocrx_word' id='word_1_128' title='bbox 590 2285 672 2350; x_wconf 90' lang='lat' dir='ltr'>artis</span> <span class='ocrx_word' id='word_1_129' title='bbox 697 2307 778 2351; x_wconf 91' lang='lat' dir='ltr'>suae</span> <span class='ocrx_word' id='word_1_130' title='bbox 801 2285 905 2362; x_wconf 81' lang='lat' dir='ltr'>indoli</span> <span class='ocrx_word' id='word_1_131' title='bbox 928 2305 967 2351; x_wconf 88' lang='lat' dir='ltr'>ac</span> <span class='ocrx_word' id='word_1_132' title='bbox 990 2287 1133 2350; x_wconf 88' lang='lat' dir='ltr'>naturae</span> <span class='ocrx_word' id='word_1_133' title='bbox 1149 2286 1248 2371; x_wconf 90' lang='lat' dir='ltr'>plane</span> <span class='ocrx_word' id='word_1_134' title='bbox 1266 2288 1435 2368; x_wconf 85' lang='lat' dir='ltr'>congruat,</span> 
     </span>
     <span class='ocr_line' id='line_1_19' title="bbox 315 2391 1435 2479; baseline -0.002 -22"><span class='ocrx_word' id='word_1_135' title='bbox 315 2392 359 2457; x_wconf 88' lang='lat' dir='ltr'>ab</span> <span class='ocrx_word' id='word_1_136' title='bbox 374 2391 432 2458; x_wconf 91' lang='lat' dir='ltr'>illa</span> <span class='ocrx_word' id='word_1_137' title='bbox 446 2392 637 2476; x_wconf 80' lang='lat' dir='ltr'>recessisse,</span> <span class='ocrx_word' id='word_1_138' title='bbox 655 2394 813 2479; x_wconf 88' lang='lat' dir='ltr'>quoniam</span> <span class='ocrx_word' id='word_1_139' title='bbox 830 2391 903 2456; x_wconf 91' lang='lat' dir='ltr'>aliis</span> <span class='ocrx_word' id='word_1_140' title='bbox 922 2413 1053 2478; x_wconf 92' lang='lat' dir='ltr'>quoque</span> <span class='ocrx_word' id='word_1_141' title='bbox 1069 2392 1170 2458; x_wconf 90' lang='lat' dir='ltr'>rebus</span> <span class='ocrx_word' id='word_1_142' title='bbox 1186 2392 1229 2458; x_wconf 90' lang='lat' dir='ltr'>ad</span> <span class='ocrx_word' id='word_1_143' title='bbox 1246 2392 1435 2458; x_wconf 88' lang='lat' dir='ltr'>Aristotelis</span> 
     </span>
     <span class='ocr_line' id='line_1_20' title="bbox 315 2499 1437 2586; baseline -0.002 -20"><span class='ocrx_word' id='word_1_144' title='bbox 315 2501 552 2574; x_wconf 67' lang='lat' dir='ltr'>anctoritatem</span> <span class='ocrx_word' id='word_1_145' title='bbox 586 2522 623 2566; x_wconf 90' lang='lat' dir='ltr'>se</span> <span class='ocrx_word' id='word_1_146' title='bbox 659 2499 808 2566; x_wconf 89' lang='lat' dir='ltr'>contulit.</span> <span class='ocrx_word' id='word_1_147' title='bbox 862 2499 937 2564; x_wconf 89' lang='lat' dir='ltr'>Huc</span> <span class='ocrx_word' id='word_1_148' title='bbox 968 2499 1104 2579; x_wconf 76' lang='lat' dir='ltr'>accedit,</span> <span class='ocrx_word' id='word_1_149' title='bbox 1141 2499 1230 2586; x_wconf 90' lang='lat' dir='ltr'>quod</span> <span class='ocrx_word' id='word_1_150' title='bbox 1265 2500 1318 2566; x_wconf 92' lang='lat' dir='ltr'>hic</span> <span class='ocrx_word' id='word_1_151' title='bbox 1348 2500 1437 2564; x_wconf 90' lang='lat' dir='ltr'>inter</span> 
     </span>
     <span class='ocr_line' id='line_1_21' title="bbox 314 2606 1438 2694; baseline -0.001 -22"><span class='ocrx_word' id='word_1_152' title='bbox 314 2613 432 2694; x_wconf 83' lang='grc' dir='ltr'><strong><em>κριτήν,</em></strong></span> <span class='ocrx_word' id='word_1_153' title='bbox 461 2609 514 2674; x_wconf 93' lang='lat' dir='ltr'>cui</span> <span class='ocrx_word' id='word_1_154' title='bbox 541 2629 663 2691; x_wconf 92' lang='lat' dir='ltr'>genera</span> <span class='ocrx_word' id='word_1_155' title='bbox 686 2606 839 2673; x_wconf 85' lang='lat' dir='ltr'>iudiciale</span> <span class='ocrx_word' id='word_1_156' title='bbox 864 2610 898 2673; x_wconf 89' lang='lat' dir='ltr'>et</span> <span class='ocrx_word' id='word_1_157' title='bbox 925 2606 1180 2673; x_wconf 87' lang='lat' dir='ltr'>deliberativum</span> <span class='ocrx_word' id='word_1_158' title='bbox 1204 2606 1367 2689; x_wconf 85' lang='lat' dir='ltr'>attribuit,</span> <span class='ocrx_word' id='word_1_159' title='bbox 1402 2609 1438 2671; x_wconf 90' lang='lat' dir='ltr'>et</span> 
     </span>
     <span class='ocr_line' id='line_1_22' title="bbox 314 2712 1438 2800; baseline -0.004 -19"><span class='ocrx_word' id='word_1_160' title='bbox 314 2718 454 2799; x_wconf 69' lang='lat' dir='ltr'>damper,</span> <span class='ocrx_word' id='word_1_161' title='bbox 487 2715 544 2800; x_wconf 94' lang='lat' dir='ltr'>qui</span> <span class='ocrx_word' id='word_1_162' title='bbox 574 2716 608 2779; x_wconf 91' lang='lat' dir='ltr'>in</span> <span class='ocrx_word' id='word_1_163' title='bbox 640 2712 904 2779; x_wconf 89' lang='lat' dir='ltr'>demonstrativo</span> <span class='ocrx_word' id='word_1_164' title='bbox 937 2714 1006 2779; x_wconf 92' lang='lat' dir='ltr'>solo</span> <span class='ocrx_word' id='word_1_165' title='bbox 1039 2718 1205 2798; x_wconf 83' lang='lat' dir='ltr'>versatur,</span> <span class='ocrx_word' id='word_1_166' title='bbox 1239 2713 1400 2796; x_wconf 79' lang='lat' dir='ltr'>distinxit,</span> <span class='ocrx_word' id='word_1_167' title='bbox 1413 2713 1438 2794; x_wconf 70' lang='lat'>⁸)</span> 
     </span>
     <span class='ocr_line' id='line_1_23' title="bbox 316 2820 1436 2909; baseline -0.003 -21"><span class='ocrx_word' id='word_1_168' title='bbox 316 2826 418 2909; x_wconf 90' lang='lat' dir='ltr'>atque</span> <span class='ocrx_word' id='word_1_169' title='bbox 451 2821 563 2886; x_wconf 89' lang='lat' dir='ltr'>omnia</span> <span class='ocrx_word' id='word_1_170' title='bbox 597 2820 667 2886; x_wconf 86' lang='lat' dir='ltr'>fere</span> <span class='ocrx_word' id='word_1_171' title='bbox 702 2824 881 2907; x_wconf 87' lang='lat' dir='ltr'>praecepta</span> <span class='ocrx_word' id='word_1_172' title='bbox 911 2821 1136 2904; x_wconf 84' lang='lat' dir='ltr'>Hermagorae</span> <span class='ocrx_word' id='word_1_173' title='bbox 1171 2822 1214 2886; x_wconf 88' lang='lat' dir='ltr'>ad</span> <span class='ocrx_word' id='word_1_174' title='bbox 1248 2824 1436 2904; x_wconf 82' lang='grc' dir='ltr'><strong><em>κρινόμενον</em></strong></span> 
     </span>
     <span class='ocr_line' id='line_1_24' title="bbox 316 2930 514 2995; baseline -0.02 0"><span class='ocrx_word' id='word_1_175' title='bbox 316 2930 514 2995; x_wconf 80' lang='lat' dir='ltr'>referuntur.</span> 
     </span>
    </p>

    <p class='ocr_par' dir='ltr' id='par_1_6' title="bbox 316 3033 1439 3442">
     <span class='ocr_line' id='line_1_25' title="bbox 405 3033 1439 3115; baseline -0.002 -15"><span class='ocrx_word' id='word_1_176' title='bbox 405 3036 476 3101; x_wconf 89' lang='lat' dir='ltr'>Iam</span> <span class='ocrx_word' id='word_1_177' title='bbox 507 3034 690 3101; x_wconf 89' lang='lat' dir='ltr'>secundum</span> <span class='ocrx_word' id='word_1_178' title='bbox 716 3034 934 3100; x_wconf 85' lang='lat' dir='ltr'>Aristotelem</span> <span class='ocrx_word' id='word_1_179' title='bbox 961 3033 1088 3101; x_wconf 83' lang='lat' dir='ltr'>factum</span> <span class='ocrx_word' id='word_1_180' title='bbox 1121 3056 1193 3100; x_wconf 89' lang='lat' dir='ltr'>esse</span> <span class='ocrx_word' id='word_1_181' title='bbox 1227 3034 1367 3115; x_wconf 89' lang='lat' dir='ltr'>videtur,</span> <span class='ocrx_word' id='word_1_182' title='bbox 1399 3036 1439 3098; x_wconf 93' lang='lat' dir='ltr'>ut</span> 
     </span>
     <span class='ocr_line' id='line_1_26' title="bbox 316 3140 1439 3230; baseline -0.004 -20"><span class='ocrx_word' id='word_1_183' title='bbox 316 3147 450 3230; x_wconf 89' lang='lat' dir='ltr'>praeter</span> <span class='ocrx_word' id='word_1_184' title='bbox 473 3142 689 3228; x_wconf 87' lang='lat' dir='ltr'>quaestiones</span> <span class='ocrx_word' id='word_1_185' title='bbox 714 3142 863 3228; x_wconf 89' lang='lat' dir='ltr'>personis</span> <span class='ocrx_word' id='word_1_186' title='bbox 894 3142 992 3207; x_wconf 87' lang='lat' dir='ltr'>certis</span> <span class='ocrx_word' id='word_1_187' title='bbox 1015 3141 1181 3227; x_wconf 88' lang='lat' dir='ltr'>rebusque</span> <span class='ocrx_word' id='word_1_188' title='bbox 1210 3141 1377 3223; x_wconf 76' lang='lat' dir='ltr'>delinitae,</span> <span class='ocrx_word' id='word_1_189' title='bbox 1403 3140 1439 3206; x_wconf 88' lang='lat' dir='ltr'>in</span> 
     </span>
     <span class='ocr_line' id='line_1_27' title="bbox 317 3247 1438 3338; baseline -0.004 -22"><span class='ocrx_word' id='word_1_190' title='bbox 317 3251 438 3338; x_wconf 90' lang='lat' dir='ltr'>quibus</span> <span class='ocrx_word' id='word_1_191' title='bbox 469 3250 679 3336; x_wconf 90' lang='lat' dir='ltr'>potissimum</span> <span class='ocrx_word' id='word_1_192' title='bbox 712 3251 867 3314; x_wconf 89' lang='lat' dir='ltr'>versatur</span> <span class='ocrx_word' id='word_1_193' title='bbox 896 3247 1069 3328; x_wconf 85' lang='lat' dir='ltr'>rhetorica,</span> <span class='ocrx_word' id='word_1_194' title='bbox 1102 3247 1274 3331; x_wconf 83' lang='lat' dir='ltr'>generales</span> <span class='ocrx_word' id='word_1_195' title='bbox 1306 3269 1438 3334; x_wconf 88' lang='lat' dir='ltr'>quoque</span> 
     </span>
     <span class='ocr_line' id='line_1_28' title="bbox 316 3354 1437 3442; baseline -0.003 -19"><span class='ocrx_word' id='word_1_196' title='bbox 316 3360 352 3423; x_wconf 92' lang='lat' dir='ltr'>in</span> <span class='ocrx_word' id='word_1_197' title='bbox 369 3377 445 3422; x_wconf 90' lang='lat' dir='ltr'>eam</span> <span class='ocrx_word' id='word_1_198' title='bbox 460 3357 691 3442; x_wconf 88' lang='lat' dir='ltr'>reciperentur.</span> <span class='ocrx_word' id='word_1_199' title='bbox 723 3354 961 3438; x_wconf 89' lang='lat' dir='ltr'>Hermagoram</span> <span class='ocrx_word' id='word_1_200' title='bbox 979 3356 1077 3437; x_wconf 91' lang='lat' dir='ltr'>enim,</span> <span class='ocrx_word' id='word_1_201' title='bbox 1102 3356 1260 3442; x_wconf 88' lang='lat' dir='ltr'>quoniam</span> <span class='ocrx_word' id='word_1_202' title='bbox 1277 3356 1437 3420; x_wconf 88' lang='lat' dir='ltr'>scientiae</span> 
     </span>
    </p>
   </div>
   <div class='ocr_carea' id='block_1_6' title="bbox 317 3515 1442 4302">
    <p class='ocr_par' dir='ltr' id='par_1_7' title="bbox 317 3515 1440 3768">
     <span class='ocr_line' id='line_1_29' title="bbox 408 3515 1438 3587; baseline -0.002 -17"><span class='ocrx_word' id='word_1_203' title='bbox 408 3517 426 3587; x_wconf 83' lang='lat'>¹)</span> <span class='ocrx_word' id='word_1_204' title='bbox 446 3515 637 3570; x_wconf 85' lang='lat' dir='ltr'>Brandsteett.</span> <span class='ocrx_word' id='word_1_205' title='bbox 652 3516 668 3568; x_wconf 94' lang='lat' dir='ltr'>l.</span> <span class='ocrx_word' id='word_1_206' title='bbox 682 3515 728 3570; x_wconf 89' lang='lat' dir='ltr'>all.</span> <span class='ocrx_word' id='word_1_207' title='bbox 742 3533 767 3586; x_wconf 90' lang='lat' dir='ltr'>p.</span> <span class='ocrx_word' id='word_1_208' title='bbox 780 3515 839 3570; x_wconf 84' lang='lat'>143.</span> <span class='ocrx_word' id='word_1_209' title='bbox 859 3517 901 3569; x_wconf 90' lang='lat' dir='ltr'>De</span> <span class='ocrx_word' id='word_1_210' title='bbox 913 3515 1006 3569; x_wconf 88' lang='lat' dir='ltr'>forma</span> <span class='ocrx_word' id='word_1_211' title='bbox 1018 3516 1107 3570; x_wconf 89' lang='lat' dir='ltr'>totius</span> <span class='ocrx_word' id='word_1_212' title='bbox 1120 3516 1176 3570; x_wconf 87' lang='lat' dir='ltr'>loci</span> <span class='ocrx_word' id='word_1_213' title='bbox 1189 3532 1214 3585; x_wconf 92' lang='lat' dir='ltr'>p.</span> <span class='ocrx_word' id='word_1_214' title='bbox 1233 3515 1331 3580; x_wconf 71' lang='lat' dir='ltr'>laeto,</span> <span class='ocrx_word' id='word_1_215' title='bbox 1341 3515 1438 3580; x_wconf 83' lang='lat'><strong>8-23‚</strong></span> 
     </span>
     <span class='ocr_line' id='line_1_30' title="bbox 318 3603 1440 3678; baseline -0.003 -17"><span class='ocrx_word' id='word_1_216' title='bbox 318 3624 403 3678; x_wconf 87' lang='lat' dir='ltr'>qnam</span> <span class='ocrx_word' id='word_1_217' title='bbox 429 3607 682 3660; x_wconf 83' lang='lat' dir='ltr'>commentatorem</span> <span class='ocrx_word' id='word_1_218' title='bbox 700 3605 818 3675; x_wconf 86' lang='lat' dir='ltr'>prodere</span> <span class='ocrx_word' id='word_1_219' title='bbox 837 3605 958 3675; x_wconf 85' lang='lat' dir='ltr'>Spengel</span> <span class='ocrx_word' id='word_1_220' title='bbox 983 3605 1101 3668; x_wconf 85' lang='lat' dir='ltr'>censuit,</span> <span class='ocrx_word' id='word_1_221' title='bbox 1122 3605 1185 3658; x_wconf 85' lang='lat' dir='ltr'>vide</span> <span class='ocrx_word' id='word_1_222' title='bbox 1203 3604 1333 3658; x_wconf 84' lang='lat' dir='ltr'>Roemeri</span> <span class='ocrx_word' id='word_1_223' title='bbox 1351 3603 1440 3674; x_wconf 88' lang='lat' dir='ltr'>praef.</span> 
     </span>
     <span class='ocr_line' id='line_1_31' title="bbox 317 3694 744 3768; baseline -0.009 -17"><span class='ocrx_word' id='word_1_224' title='bbox 317 3714 345 3768; x_wconf 89' lang='lat' dir='ltr'>p.</span> <span class='ocrx_word' id='word_1_225' title='bbox 358 3697 442 3751; x_wconf 86' lang='lat' dir='ltr'>XCIX</span> <span class='ocrx_word' id='word_1_226' title='bbox 453 3713 493 3767; x_wconf 88' lang='lat' dir='ltr'>sq.</span> <span class='ocrx_word' id='word_1_227' title='bbox 513 3696 550 3748; x_wconf 89' lang='lat' dir='ltr'>ad</span> <span class='ocrx_word' id='word_1_228' title='bbox 568 3695 651 3748; x_wconf 84' lang='lat' dir='ltr'>Arist.</span> <span class='ocrx_word' id='word_1_229' title='bbox 672 3694 744 3747; x_wconf 87' lang='lat' dir='ltr'>rhet.</span> 
     </span>
    </p>

    <p class='ocr_par' dir='ltr' id='par_1_8' title="bbox 407 3780 1219 3855">
     <span class='ocr_line' id='line_1_32' title="bbox 407 3780 1219 3855; baseline -0.005 -16"><span class='ocrx_word' id='word_1_230' title='bbox 407 3785 427 3855; x_wconf 73' lang='lat'>²)</span> <span class='ocrx_word' id='word_1_231' title='bbox 447 3785 498 3849; x_wconf 69' lang='lat' dir='ltr'>uf..</span> <span class='ocrx_word' id='word_1_232' title='bbox 518 3784 593 3855; x_wconf 92' lang='lat' dir='ltr'>quod</span> <span class='ocrx_word' id='word_1_233' title='bbox 613 3784 680 3838; x_wconf 88' lang='lat' dir='ltr'>Otto</span> <span class='ocrx_word' id='word_1_234' title='bbox 699 3783 774 3837; x_wconf 86' lang='lat' dir='ltr'>Jahn</span> <span class='ocrx_word' id='word_1_235' title='bbox 793 3783 829 3837; x_wconf 92' lang='lat' dir='ltr'>ad</span> <span class='ocrx_word' id='word_1_236' title='bbox 848 3783 903 3837; x_wconf 87' lang='lat' dir='ltr'>Cic.</span> <span class='ocrx_word' id='word_1_237' title='bbox 924 3799 963 3836; x_wconf 92' lang='lat' dir='ltr'>or.</span> <span class='ocrx_word' id='word_1_238' title='bbox 984 3780 1050 3852; x_wconf 70' lang='lat'>§37</span> <span class='ocrx_word' id='word_1_239' title='bbox 1063 3783 1219 3836; x_wconf 88' lang='lat' dir='ltr'>adnotavit.</span> 
     </span>
    </p>

    <p class='ocr_par' dir='ltr' id='par_1_9' title="bbox 317 3867 1442 4302">
     <span class='ocr_line' id='line_1_33' title="bbox 408 3867 1442 3943; baseline -0.007 -15"><span class='ocrx_word' id='word_1_240' title='bbox 408 3877 427 3943; x_wconf 73' lang='lat'>³)</span> <span class='ocrx_word' id='word_1_241' title='bbox 447 3875 530 3928; x_wconf 83' lang='lat' dir='ltr'>Arist.</span> <span class='ocrx_word' id='word_1_242' title='bbox 549 3874 620 3928; x_wconf 82' lang='lat' dir='ltr'>rhet.</span> <span class='ocrx_word' id='word_1_243' title='bbox 640 3873 665 3926; x_wconf 86' lang='lat' dir='ltr'>A</span> <span class='ocrx_word' id='word_1_244' title='bbox 684 3874 700 3926; x_wconf 87' lang='lat'>3</span> <span class='ocrx_word' id='word_1_245' title='bbox 720 3889 745 3942; x_wconf 90' lang='lat' dir='ltr'>p.</span> <span class='ocrx_word' id='word_1_246' title='bbox 762 3872 863 3936; x_wconf 82' lang='lat' dir='ltr'>1358b‚</span> <span class='ocrx_word' id='word_1_247' title='bbox 877 3871 907 3924; x_wconf 82' lang='lat'>2:</span> <span class='ocrx_word' id='word_1_248' title='bbox 928 3869 1027 3940; x_wconf 80' lang='grc' dir='ltr'><strong><em>ἀνάγκη</em></strong></span> <span class='ocrx_word' id='word_1_249' title='bbox 1046 3867 1074 3922; x_wconf 73' lang='grc' dir='ltr'>δὲ</span> <span class='ocrx_word' id='word_1_250' title='bbox 1091 3870 1138 3922; x_wconf 86' lang='grc' dir='ltr'><strong><em>τὸν</em></strong></span> <span class='ocrx_word' id='word_1_251' title='bbox 1156 3871 1290 3941; x_wconf 76' lang='grc' dir='ltr'><strong><em>ἀκροατὴν</em></strong></span> <span class='ocrx_word' id='word_1_252' title='bbox 1308 3869 1442 3940; x_wconf 74' lang='grc' dir='ltr'><strong><em>ἢθεωρόν</em></strong></span> 
     </span>
     <span class='ocr_line' id='line_1_34' title="bbox 318 3955 1442 4034; baseline -0.005 -17"><span class='ocrx_word' id='word_1_253' title='bbox 318 3962 386 4018; x_wconf 82' lang='grc' dir='ltr'><strong><em>εἶναι</em></strong></span> <span class='ocrx_word' id='word_1_254' title='bbox 403 3963 419 4030; x_wconf 82' lang='grc' dir='ltr'><strong><em>ἢ</em></strong></span> <span class='ocrx_word' id='word_1_255' title='bbox 437 3963 537 4034; x_wconf 74' lang='grc' dir='ltr'><strong><em>κριτὴν,</em></strong></span> <span class='ocrx_word' id='word_1_256' title='bbox 555 3962 647 4033; x_wconf 77' lang='grc' dir='ltr'><strong><em>κριτὴν</em></strong></span> <span class='ocrx_word' id='word_1_257' title='bbox 660 3959 687 4013; x_wconf 75' lang='grc' dir='ltr'>δὲ</span> <span class='ocrx_word' id='word_1_258' title='bbox 700 3961 715 4027; x_wconf 81' lang='grc' dir='ltr'>ἢ</span> <span class='ocrx_word' id='word_1_259' title='bbox 728 3965 781 4012; x_wconf 79' lang='grc' dir='ltr'><strong><em>τῶν</em></strong></span> <span class='ocrx_word' id='word_1_260' title='bbox 793 3963 965 4030; x_wconf 66' lang='grc' dir='ltr'><strong><em>γεγενημένον</em></strong></span> <span class='ocrx_word' id='word_1_261' title='bbox 977 3959 993 4025; x_wconf 77' lang='grc' dir='ltr'>ἢ</span> <span class='ocrx_word' id='word_1_262' title='bbox 1006 3963 1060 4012; x_wconf 82' lang='grc' dir='ltr'><strong><em>τῶν</em></strong></span> <span class='ocrx_word' id='word_1_263' title='bbox 1070 3956 1226 4027; x_wconf 74' lang='grc' dir='ltr'><strong><em>μελλόντων.</em></strong></span> <span class='ocrx_word' id='word_1_264' title='bbox 1252 3959 1323 4011; x_wconf 72' lang='grc' dir='ltr'><strong><em>ἔστιν</em></strong></span> <span class='ocrx_word' id='word_1_265' title='bbox 1335 3955 1358 4012; x_wconf 82' lang='lat' dir='ltr'>d&#39;</span> <span class='ocrx_word' id='word_1_266' title='bbox 1364 3958 1379 4010; x_wconf 83' lang='grc' dir='ltr'><em>ὃ</em></span> <span class='ocrx_word' id='word_1_267' title='bbox 1392 3958 1442 4026; x_wconf 71' lang='grc' dir='ltr'>μὲν</span> 
     </span>
     <span class='ocr_line' id='line_1_35' title="bbox 317 4045 1441 4124; baseline -0.006 -17"><span class='ocrx_word' id='word_1_268' title='bbox 317 4058 379 4124; x_wconf 77' lang='grc' dir='ltr'>περὶ</span> <span class='ocrx_word' id='word_1_269' title='bbox 397 4056 451 4105; x_wconf 83' lang='grc' dir='ltr'><strong><em>τῶν</em></strong></span> <span class='ocrx_word' id='word_1_270' title='bbox 467 4049 615 4121; x_wconf 78' lang='grc' dir='ltr'><strong><em>μελλόντων</em></strong></span> <span class='ocrx_word' id='word_1_271' title='bbox 633 4052 728 4121; x_wconf 80' lang='grc' dir='ltr'><strong><em>κρίνων</em></strong></span> <span class='ocrx_word' id='word_1_272' title='bbox 747 4045 803 4102; x_wconf 80' lang='grc' dir='ltr'><strong><em>οἷον</em></strong></span> <span class='ocrx_word' id='word_1_273' title='bbox 821 4046 1011 4114; x_wconf 70' lang='grc' dir='ltr'><strong><em>ἐκκλησιαστής,</em></strong></span> <span class='ocrx_word' id='word_1_274' title='bbox 1037 4047 1051 4100; x_wconf 84' lang='grc' dir='ltr'><strong>ὁ</strong></span> <span class='ocrx_word' id='word_1_275' title='bbox 1071 4045 1099 4100; x_wconf 76' lang='lat' dir='ltr'>dd</span> <span class='ocrx_word' id='word_1_276' title='bbox 1117 4053 1180 4118; x_wconf 82' lang='grc' dir='ltr'><strong><em>περὶ</em></strong></span> <span class='ocrx_word' id='word_1_277' title='bbox 1197 4053 1251 4100; x_wconf 83' lang='grc' dir='ltr'><strong><em>τῶν</em></strong></span> <span class='ocrx_word' id='word_1_278' title='bbox 1268 4050 1441 4117; x_wconf 78' lang='grc' dir='ltr'><strong><em>γεγενημένοιν</em></strong></span> 
     </span>
     <span class='ocr_line' id='line_1_36' title="bbox 319 4135 1441 4210; baseline -0.007 -15"><span class='ocrx_word' id='word_1_279' title='bbox 319 4138 375 4195; x_wconf 80' lang='grc' dir='ltr'><strong><em>οἷον</em></strong></span> <span class='ocrx_word' id='word_1_280' title='bbox 393 4141 408 4194; x_wconf 81' lang='grc' dir='ltr'><em>ὃ</em></span> <span class='ocrx_word' id='word_1_281' title='bbox 427 4139 557 4206; x_wconf 80' lang='grc' dir='ltr'><strong><em>δικαστής.</em></strong></span> <span class='ocrx_word' id='word_1_282' title='bbox 595 4141 635 4195; x_wconf 85' lang='lat' dir='ltr'>Cf.</span> <span class='ocrx_word' id='word_1_283' title='bbox 655 4140 720 4195; x_wconf 83' lang='lat' dir='ltr'>ibid.</span> <span class='ocrx_word' id='word_1_284' title='bbox 740 4141 791 4193; x_wconf 91' lang='lat' dir='ltr'>Bl</span> <span class='ocrx_word' id='word_1_285' title='bbox 813 4157 838 4210; x_wconf 93' lang='lat' dir='ltr'>p.</span> <span class='ocrx_word' id='word_1_286' title='bbox 852 4139 951 4202; x_wconf 78' lang='grc'><strong>13771),</strong></span> <span class='ocrx_word' id='word_1_287' title='bbox 966 4139 1014 4192; x_wconf 84' lang='grc'>21;</span> <span class='ocrx_word' id='word_1_288' title='bbox 1041 4136 1115 4189; x_wconf 74' lang='grc' dir='ltr'><strong><em>ἕνεκα</em></strong></span> <span class='ocrx_word' id='word_1_289' title='bbox 1140 4135 1246 4207; x_wconf 79' lang='grc' dir='ltr'><strong><em>κρίσεώς</em></strong></span> <span class='ocrx_word' id='word_1_290' title='bbox 1273 4135 1343 4189; x_wconf 81' lang='grc' dir='ltr'><strong><em>ἐστιν</em></strong></span> <span class='ocrx_word' id='word_1_291' title='bbox 1361 4136 1377 4202; x_wconf 76' lang='grc' dir='ltr'><em>ἡ</em></span> <span class='ocrx_word' id='word_1_292' title='bbox 1396 4135 1441 4206; x_wconf 79' lang='grc' dir='ltr'>ῥη-</span> 
     </span>
     <span class='ocr_line' id='line_1_37' title="bbox 319 4223 1292 4302; baseline -0.006 -17"><span class='ocrx_word' id='word_1_293' title='bbox 319 4229 410 4302; x_wconf 76' lang='grc' dir='ltr'><strong><em>τορική</em></strong></span> <span class='ocrx_word' id='word_1_294' title='bbox 429 4233 482 4296; x_wconf 71' lang='grc' dir='ltr'>(καὶ</span> <span class='ocrx_word' id='word_1_295' title='bbox 500 4230 550 4300; x_wconf 84' lang='grc' dir='ltr'>γὰρ</span> <span class='ocrx_word' id='word_1_296' title='bbox 569 4230 616 4286; x_wconf 83' lang='grc' dir='ltr'><strong><em>τὰς</em></strong></span> <span class='ocrx_word' id='word_1_297' title='bbox 634 4226 778 4299; x_wconf 76' lang='grc' dir='ltr'><strong><em>συμβουλὰς</em></strong></span> <span class='ocrx_word' id='word_1_298' title='bbox 795 4229 911 4298; x_wconf 77' lang='grc' dir='ltr'><strong><em>κρίνουσι</em></strong></span> <span class='ocrx_word' id='word_1_299' title='bbox 929 4231 974 4280; x_wconf 79' lang='grc' dir='ltr'>καὶ</span> <span class='ocrx_word' id='word_1_300' title='bbox 995 4227 1009 4292; x_wconf 79' lang='grc' dir='ltr'><em>ἣ</em></span> <span class='ocrx_word' id='word_1_301' title='bbox 1029 4223 1087 4292; x_wconf 82' lang='grc' dir='ltr'><strong><em>δι’κη</em></strong></span> <span class='ocrx_word' id='word_1_302' title='bbox 1105 4228 1188 4297; x_wconf 76' lang='grc' dir='ltr'><strong><em>κρίσις</em></strong></span> <span class='ocrx_word' id='word_1_303' title='bbox 1207 4227 1292 4292; x_wconf 78' lang='grc' dir='ltr'><strong><em>ἐστίν).</em></strong></span> 
     </span>
    </p>
   </div>
   <div class='ocr_carea' id='block_1_7' title="bbox 0 0 1632 5044">
    <p class='ocr_par' dir='ltr' id='par_1_10' title="bbox 0 0 1632 5044">
     <span class='ocr_line' id='line_1_38' title="bbox 0 0 1632 5044; baseline 0 0"><span class='ocrx_word' id='word_1_304' title='bbox 0 0 1632 5044; x_wconf 95' lang='lat' dir='ltr'> </span> 
     </span>
    </p>
   </div>
  </div>
 </body>
</html>
