3198 5054
773 451 1018 515 -122-

328 629 552 711 Hermagorae
584 649 668 710 esse,
704 649 907 714 quamquam
939 627 1048 693 Cicero
1079 627 1115 691 in
1149 627 1334 692 rhetoricae
1368 625 1451 690 libro

306 735 435 821 priore
458 735 545 802 idem
570 734 706 800 exhibet
729 755 791 800 nec
814 755 872 820 per
896 755 932 800 se
955 733 1026 800 veri
1050 732 1209 798 dissimile
1241 736 1302 817 est,
1335 739 1452 798 tamen

328 842 395 906 alia
419 842 620 908 auctoritate
637 841 826 907 desiderata
850 841 1056 927 comprobari
1078 840 1204 926 nequit.
1244 837 1367 904 Omnes
1392 861 1451 904 sex

328 950 599 1014 circumstantiae
638 951 751 1033 partes
790 947 881 1034 apud
918 947 1162 1030 Hermogenem
1200 967 1274 1032 pgg.
1301 946 1450 1029 142,16;

330 1055 473 1139 144,15;
499 1055 571 1138 145,
589 1056 642 1138 17;
665 1056 701 1120 in
716 1054 809 1134 libro,
835 1055 891 1142 qui
908 1058 959 1120 est
983 1056 1023 1120 de
1039 1054 1245 1134 inventione,
1270 1076 1300 1140 p.
1317 1053 1393 1138 212,
1411 1053 1451 1119 17

330 1166 543 1228 enumeratas
571 1162 762 1248 reperimus.
808 1162 846 1226 In
869 1183 1085 1248 personarum
1117 1164 1151 1226 et
1174 1161 1340 1226 factorum
1371 1181 1449 1246 par-

327 1269 512 1350 titionibus
547 1289 631 1354 quas
662 1268 887 1351 Hermogenes
919 1269 1066 1355 praebet,
1108 1267 1238 1334 nullum
1270 1268 1450 1350 vestigium

328 1376 498 1442 doctrinae
536 1371 789 1460 Hermagordae,
838 1378 1002 1462 quantum
1048 1374 1212 1459 videmus
1259 1374 1450 1460 patefacere

326 1503 505 1568 possumus
537 1483 602 1548 nisi
633 1504 707 1548 eam
739 1482 995 1564 distinctionem,
1030 1503 1116 1567 quae
1145 1481 1189 1547 ad
1211 1502 1372 1568 personas
1396 1479 1450 1546 vel

326 1588 517 1655 nominibus
540 1589 680 1676 propriis
703 1590 758 1656 vel
782 1589 994 1676 appellativis
1018 1589 1186 1656 notandas
1209 1589 1362 1675 pertinet.
1402 1587 1449 1654 of.

325 1694 435 1761 Herm.
454 1697 506 1782 Sp.
531 1696 560 1760 Il
579 1696 753 1780 134,1,10
785 1700 818 1762 11
850 1698 991 1779 August.
1015 1717 1044 1781 p.
1072 1695 1210 1778 141‚25.
1256 1696 1374 1781 Itaque
1407 1715 1450 1760 ex

326 1823 374 1886 eo,
401 1802 488 1888 quod
512 1803 546 1868 in
571 1805 679 1889 capite
704 1803 808 1869 altero
830 1801 1046 1885 ostendimus
1071 1792 1294 1886 Hermagoras
1316 1803 1389 1888 ipse
1413 1803 1447 1866 in

324 1905 389 1976 bac
411 1930 446 1975 re
471 1907 599 1975 Stoicos
624 1913 759 1975 secutus
784 1913 844 1975 est.

414 2016 541 2082 Deinde
583 2015 826 2102 problematum
872 2038 940 2082 non
986 2018 1241 2082 consistentium
1287 2019 1449 2103 quattuor

325 2124 454 2207 species
478 2145 498 2188 a
522 2123 659 2189 Temnio
684 2123 860 2189 distinctas
883 2125 918 2188 in
941 2122 994 2188 his
1018 2122 1246 2206 agnoscimus:

372 2264 399 2330 l.
424 2267 514 2330 Κατὰ
536 2267 572 2330 τὸ
591 2269 794 2349 ἀπερίστατον
818 2266 858 2352 (p.
958 2269 1023 2331 κατ’
1043 2269 1160 2338 ἐλλιπές
1176 2265 1375 2351 (11011183,
1386 2265 1448 2352 17),

328 2371 481 2458 136,19),
503 2375 570 2437 οἷον
586 2368 800 2457 ἀποκηρύσοει
815 2400 859 2445 τις
916 2376 952 2438 ut
964 2431 970 2438 ,
983 2373 1012 2438 si
1044 2371 1163 2458 aliquis
1188 2371 1362 2438 abdicatur
1385 2393 1448 2438 nec

323 2480 378 2544 τὸν
400 2480 470 2544 υῖδυ
493 2481 539 2544 ἐπ’
565 2481 699 2564 οὐδεμιᾷ
722 2484 808 2564 αἰτίᾳ.
914 2479 1135 2546 abdicationis
1166 2479 1235 2546 ulla
1259 2473 1304 2545 'sit
1334 2500 1446 2546 causa.

368 2586 397 2650 2.
439 2588 482 2651 Τὸ
521 2589 629 2662 ἰσάζον
667 2589 774 2653 διόλου
817 2587 857 2673 (p.
953 2590 1017 2652 κατ’
1029 2589 1153 2671 ἰσότητα
1162 2586 1446 2674 (Aug.p.146,10)‚

328 2693 399 2776 135,
410 2693 477 2779 30),
491 2696 559 2758 οἷον
572 2695 631 2758 δύο
640 2697 704 2759 νέοι
715 2696 858 2760 πλούσιοι
912 2697 951 2759 ut
974 2693 1074 2776 vicini
1106 2689 1357 2775 adnleseentuli,
1390 2695 1447 2779 qui

324 2803 446 2883 ὡραίας
465 2803 589 2884 ἔχοντες
605 2809 755 2884 γυναῖκας
777 2804 857 2866 κατὰ
912 2801 1080 2887 speciosas
1112 2821 1234 2867 uxores
1261 2800 1444 2884 habebant,

322 2908 436 2972 ταύτὸν
481 2911 583 2991 ἄμφω
626 2911 857 2992 πεφωράκαοιυ
911 2912 1014 2974 noctu
1038 2906 1123 2974 11111
1143 2907 1285 2974 alterum
1310 2907 1446 2974 obvium

324 3015 477 3098 ἀλλήλους
489 3017 750 3089 arremarensem
763 3019 856 3100 ἀλλή-
912 3015 1116 3082 babuerunt:
1129 3017 1291 3082 accusant
1301 3016 1445 3080 invicem

321 3123 388 3186 λων
411 3125 521 3186 οἰκιῶν
536 3125 590 3187 καὶ
604 3127 747 3207 μοιχείας
762 3126 855 3208 ἀλλή-
911 3121 1098 3205 adulterii.1>

322 3230 387 3300 λοις
410 3231 658 3312 ἀυτεγκαλοῦοιυ.

367 3335 396 3400 3,
411 3337 454 3400 ld
466 3340 645 3420 μουομερές
655 3336 781 3421 (11135,
792 3338 854 3420 27),
954 3339 1034 3401 καδ’
1068 3340 1268 3420 ἑτερομερίαυ
1299 3336 1398 3422 (Fert.
1414 3358 1443 3422 p.

323 3445 390 3506 οἷον
412 3445 636 3526 πορνοβοσκὸς
659 3445 736 3508 δέκα
765 3447 857 3517 νέους
910 3445 962 3526 82,
977 3443 1041 3528 27),
1074 3448 1112 3509 ut
1136 3442 1223 3525 11110,
1253 3464 1320 3528 qua
1347 3447 1443 3528 parte

322 3551 533 3632 κωμάζοντας
572 3551 621 3614 ἐπὶ
658 3553 714 3635 τὴν
754 3555 855 3616 οἰκίαν
909 3553 1071 3616 ventures
1095 3549 1190 3616 adse
1211 3549 1443 3616 adulescentes

322 3657 428 3726 αὐτοῦ,
453 3658 580 3739 ὄρυγμα
603 3660 746 3741 ποιήσας,
775 3661 853 3723 ὑπο-
910 3657 1049 3740 sciebat,
1081 3660 1179 3723 nocte
1206 3657 1340 3722 foveam
1363 3656 1444 3722 fecit

322 3763 494 3847 δεξάμενος
507 3766 665 3829 ἀπέκτεινε
681 3767 735 3829 καὶ
746 3767 854 3848 φεύγει
910 3763 1088 3846 1111111111,
1121 3785 1162 3829 11
1192 3765 1332 3829 iuvenes
1356 3763 1443 3849 peri-

320 3872 433 3952 ᾳιόυου.
909 3869 1442 3956 erunt:accusatur,quodcausas

908 3978 1024 4043 mortis
1047 3977 1259 4062 praestiterit.

410 4189 428 4259 1)
448 4189 525 4244 Idem
545 4190 700 4261 exemplum
720 4191 796 4261 apud
807 4192 883 4246 Fert.
902 4209 929 4262 p.
943 4192 986 4256 82,
997 4192 1033 4246 22
1046 4195 1076 4246 11
1088 4191 1142 4246 Jul.
1155 4190 1228 4245 Vict.
1241 4207 1268 4261 p.
1282 4190 1342 4254 374,
1352 4189 1388 4243 38
1398 4207 1439 4260 sq.

319 4277 469 4332 invenitur.
1045 4302 1050 4310 ⁴
