3224 5044
629 492 672 500 .,
718 453 851 518 21-

181 629 329 717 prodere,
355 631 486 697 etiamsi
511 629 685 713 voluisset,
708 634 823 696 tamen
847 651 915 696 non
937 632 1097 717 potuisse,
1122 630 1251 717 deinde,
1277 632 1304 697 si

181 737 356 824 potuisset,
388 758 457 804 non
488 735 672 827 voluisse.¹)
719 737 765 804 cf.
796 735 907 804 Herm.
939 737 1305 824 sp.11144,24,ubi

182 848 201 928 ἡ
225 846 375 929 βούλησις
393 846 447 909 καί
463 847 481 928 ἡ
500 846 633 928 δύναμις
648 844 735 909 inter
751 845 961 910 coniecturae
977 845 1089 931 capita
1105 865 1303 911 enumeran-

181 954 245 1033 tur,
278 953 313 1016 ct
344 950 454 1030 Quint.
480 949 539 1015 Vll
561 951 592 1033 2,
624 951 667 1016 27
699 973 768 1036 sqq.
815 951 995 1018 Praeterea
1021 951 1055 1017 id
1079 954 1190 1038 caput,
1216 951 1303 1037 quod

181 1058 216 1123 in
238 1057 456 1139 Hermogenis
481 1060 628 1124 tractatu
653 1057 716 1124 illis
748 1058 912 1125 ambobus
943 1060 1091 1144 proxime
1123 1058 1302 1142 antecedit,

182 1169 201 1248 ἡ
225 1172 289 1230 τῶν
312 1167 449 1248 ἐλέγχων
472 1167 644 1250 ἀπαίτησις,
668 1165 736 1231 iam
759 1167 793 1231 in
818 1168 968 1232 oratione
987 1165 1085 1232 modo
1103 1187 1303 1232 commemo-

181 1271 291 1356 ratae)
323 1273 356 1336 et
386 1271 476 1358 apud
509 1271 752 1359 Antiphontem
763 1273 786 1360 8)
817 1273 1008 1339 invenimus
1039 1294 1147 1358 neque
1179 1293 1237 1358 per
1268 1293 1303 1338 se

181 1377 397 1463 improbabile
421 1380 473 1444 est
496 1379 646 1445 rhetores
670 1378 799 1446 Siculos
822 1378 855 1444 id
879 1379 1074 1465 respexisse.

270 1484 367 1550 Nune
390 1484 576 1572 videamus,
600 1485 677 1572 qnid
702 1488 873 1574 sophistae
896 1487 960 1572 ipsi
982 1485 1024 1553 ad
1050 1490 1203 1554 statuum
1224 1486 1303 1553 doo-

180 1592 303 1657 trinam
328 1592 536 1659 condendam
559 1593 770 1660 contulerint.
805 1596 854 1658 Ac
874 1594 1016 1680 primum
1033 1593 1164 1679 quidem
1181 1596 1303 1660 notatu

181 1699 318 1780 dignum
353 1701 405 1764 est
436 1699 621 1766 rhetoricae
656 1705 690 1766 et
722 1700 826 1766 civilis
858 1701 1017 1767 scientiae
1046 1699 1302 1786 copulationem,

181 1827 267 1891 quae
290 1805 325 1871 in
346 1806 483 1872 notione
501 1806 700 1889 gravissima
716 1809 797 1872 artis
813 1807 1057 1892 Hermagoreae
1072 1817 1127 1874 τοῦ
1143 1811 1303 1874 πολιτικοῦ

181 1915 358 1997 ζητήματος
389 1913 541 1997 cernitur,
574 1934 643 1979 non
667 1913 774 1979 solum
798 1935 833 1980 re
857 1915 940 2000 ipsa,
973 1913 1157 1981 sedetiam
1190 1914 1302 2000 sophi-

180 2023 308 2085 starum
336 2018 541 2105 professione
552 2021 575 2106 4’γ
605 2021 775 2087 contineri.
820 2020 948 2088 Deinde
980 2021 1194 2107 quaestiones
1226 2023 1302 2088 uni-
1377 2099 1379 2104 ,

179 2125 338 2208 vassalos,
373 2147 458 2212 quae
489 2128 523 2193 in
548 2127 677 2192 Temnii
708 2127 859 2194 doctrina
886 2129 1000 2212 magui
1028 2132 1108 2195 sunt
1131 2130 1302 2211 momenti,

179 2233 305 2318 primns
328 2233 530 2316 Protagoras
562 2236 728 2300 tractasse
758 2234 899 2319 fertum)
946 2237 1031 2302 Tum
1052 2234 1194 2320 Gorgiae
1217 2237 1303 2304 ratio

180 2339 445 2425 argumentandi,
471 2325 557 2427 quae
581 2363 603 2407 a
618 2343 797 2425 negatione
814 2341 971 2408 absoluta
992 2341 1034 2410 ad
1056 2344 1303 2410 concessionem

181 2445 353 2514 descendit
377 2449 584 2534 oppositione
609 2448 768 2538 addita,⁶)
792 2450 909 2516 eadem
942 2452 1003 2535 est,
1029 2471 1131 2536 quam
1154 2450 1303 2518 rhetores

180 2557 294 2620 aetate
326 2556 526 2640 posteriores
558 2559 697 2622 ἔνστασιν
728 2560 763 2622 et
795 2559 1054 2641 ἀντιπαράστασιν
1084 2560 1302 2641 vocaverunt,

271 2698 290 2767 ¹)
309 2698 413 2765 Quibus
436 2697 464 2752 in
483 2697 642 2752 rationibus
662 2697 795 2767 Gorgiam
814 2698 915 2764 Tisias,
936 2715 1056 2770 quocum
1076 2699 1101 2753 ei
1121 2715 1189 2755 usus
1207 2699 1302 2765 fuerit,

180 2793 332 2856 praecepta
351 2789 480 2842 secutum
499 2802 559 2841 esse
584 2803 618 2841 eo
637 2787 812 2842 verisimilius
832 2790 882 2853 est,
904 2788 979 2860 quod
998 2805 1054 2843 non
1074 2791 1133 2844 tam
1153 2788 1182 2844 in
1200 2804 1303 2858 genere

179 2875 302 2930 iudiciali
322 2893 405 2947 quam
424 2875 453 2930 in
469 2876 691 2931 demonstrativo
710 2878 873 2932 excellebat.

269 2965 288 3032 ⁹)
308 2963 326 3036 ξ
340 2965 455 3019 22-24.

272 3054 291 3123 ³)
311 3053 423 3126 lsssqq.

268 3143 289 3212 ⁴)
307 3143 382 3198 Plus.
403 3143 538 3199 Themist.
558 3144 624 3209 2,4;
644 3141 756 3196 Μᾶλλον
774 3137 819 3196 σόν
837 3143 871 3196 ἀν
882 3164 921 3200 τις
933 3147 1058 3214 προσέχοι
1069 3146 1124 3201 τοῖς
1137 3143 1303 3213 Μνησιφίλου

179 3231 226 3283 τόν
245 3231 421 3299 Θεμιστοκλέα
445 3236 491 3285 τοῦ
515 3234 662 3305 Φρεαρρίου
688 3230 805 3300 ζηλωτὴν
829 3235 955 3303 γενέσθαι
978 3231 1093 3303 λέγουσιν
1117 3232 1175 3287 odae
1193 3233 1303 3305 ῥήτορος

179 3319 256 3376 ὄντος
274 3321 332 3374 οἵτε
349 3325 402 3374 τῶν
420 3326 533 3391 φυσικῶν
544 3320 697 3389 κληθέντων
710 3320 867 3392 φιλοσόφων,
888 3319 955 3375 ἀλλά
974 3323 1023 3389 τὴν
1034 3320 1195 3391 καλουμένην
1207 3325 1304 3392 σοφίαν

180 3402 259 3461 οὖσαν
277 3406 305 3462 δέ
318 3407 455 3478 δεινότητα
466 3409 604 3478 πολιτικὴν
616 3416 661 3464 καί
674 3409 833 3483 δραστήριον
845 3411 946 3465 σόνεσιν
958 3410 1117 3480 ἐπιτηδευμα
1126 3415 1302 3481 πεποιημένου

180 3501 225 3550 καί
244 3493 416 3565 διασῴζοντας
434 3499 522 3571 ὥσπερ
536 3500 637 3571 αἵρεσιν
649 3499 677 3552 ἐκ
692 3497 814 3568 διαδοχῆς
832 3501 885 3554 ἀπὸ
899 3499 1037 3558 Σόλωνος·
1051 3501 1083 3568 ἢν
1102 3499 1129 3555 οἱ
1138 3503 1205 3571 μετὰ
1219 3507 1302 3555 ταίτα

180 3582 324 3644 δικανικαῖς
335 3587 457 3652 μίξαντες
469 3591 569 3657 τέχναις
587 3594 632 3642 καί
647 3589 835 3660 μεταγαγόντες
853 3589 907 3643 ἀπὸ
925 3593 979 3643 τῶν
995 3590 1118 3662 πράξεων
1135 3592 1183 3657 τίγν
1196 3592 1304 3658 ἄσκησιν

179 3673 223 3727 ἐπὶ
241 3676 301 3732 τοὺς
317 3669 415 3748 λόγους
424 3683 548 3746 σοφισταὶ
566 3678 825 3750 προσηγορεόθησαν.

269 3767 288 3834 ⁶)
308 3767 390 3837 Diog.
409 3769 439 3824 L.
460 3768 498 3822 IX
512 3769 560 3824 53:
579 3773 685 3839 πρῶτος
703 3771 750 3838 (Sc.
769 3768 957 3840 Πρωταγόρας)
977 3766 1108 3832 κατέδειξε
1119 3769 1167 3825 τὰς
1178 3770 1245 3840 πρὸς
1256 3770 1303 3826 τὰς

178 3854 267 3910 θέσεις
285 3853 460 3927 ἐπιχειρήσεις.
499 3858 532 3912 V.
551 3857 623 3922 Εἰσί,
649 3859 763 3926 Quaest.
784 3858 899 3928 Protag.
931 3859 1139 3913 Bonnae1845.
1159 3876 1185 3929 p.
1201 3857 1252 3913 150
1261 3876 1301 3930 sq.

269 3945 288 4013 θλ
308 3946 385 4001 Sext.
405 3947 482 4018 Emp.
507 3947 571 4001 adv.
597 3947 687 4002 math.
706 3947 819 4002 Vllsst:
845 3945 873 4000 ἐν
893 3990 898 4003 .
919 3987 926 4001 .
949 3950 986 4016 τογ’
1009 3945 1209 4018 ἐπιγραφομένῳ
1234 3951 1302 4017 Περὶ

178 4035 224 4083 τοί
235 4032 273 4099 μὴ
291 4032 366 4090 ὄντος
377 4033 393 4100 ἢ
405 4040 467 4106 περὶ
486 4034 583 4104 φόοεσις
594 4037 656 4106 τρία
675 4036 795 4088 κατὰτὰ
816 4035 874 4102 ἑξῆς
891 4033 1023 4105 κεφάλαια
1041 4035 1247 4099 κατασκευάζει·
1267 4035 1303 4089 ἓν

178 4120 227 4186 μὲν
249 4126 294 4174 καὶ
318 4127 425 4194 πρῶτον
449 4123 491 4176 ότι
514 4122 588 4177 otta
613 4123 691 4188 ἔστιν,
716 4123 835 4197 διότερον
852 4125 895 4177 ότι
913 4125 935 4178 εί
954 4130 998 4178 καὶ
1017 4126 1095 4189 ἔστιν,
1116 4123 1303 4192 ἀκατάληπτον

178 4215 215 4275 τῷ
234 4209 378 4281 ἀνθρώπῳ,
403 4215 494 4284 τρίτον
518 4213 559 4266 ότι
585 4214 607 4266 εί
631 4218 676 4266 καὶ
694 4212 870 4280 καταληπτόν,
890 4212 958 4266 ἀλλὰ
977 4215 1021 4267 τοί
1036 4235 1064 4285 γε
1089 4214 1240 4278 ἀνέξοιστον
1257 4219 1301 4266 καί

180 4298 369 4371 ἀνερμίχνευτον
386 4305 423 4367 τῷ
441 4299 530 4358 πέλας.
568 4303 609 4359 Cf.
630 4303 714 4374 Gorg.
734 4304 842 4358 Palam.
862 4302 981 4375 §6qu
