3198 5054
595 412 840 477 -133-

156 596 292 660 secutus
317 594 416 675 esset,
442 577 507 656 non
534 593 587 656 est
610 589 757 672 dubium,
790 590 870 676 quin
893 588 984 654 hunc
1011 609 1070 674 pro
1093 587 1149 654 illo
1174 588 1280 654 nomi-

156 703 298 766 naturus
314 699 424 764 fuerit.
460 697 511 762 Hx
523 718 562 763 eo
580 718 722 784 quoque,
741 696 829 782 quod
842 696 947 763 verba
958 693 1120 762 Graecae
1136 695 1280 782 Sulpicio

156 806 262 873 allate
284 827 352 871 nen
375 803 474 890 plane
500 804 680 872 concinunt
704 823 778 868 cum
802 801 1020 886 Hermogenis
1044 802 1164 886 verbis,
1195 823 1281 889 quae

156 912 220 978 illis
252 910 491 998 respondent‚¹)
522 910 620 976 facile
651 909 856 992 intellegitur
886 909 980 974 illum
1012 908 1075 975 hoc
1106 930 1175 975 non
1207 931 1280 976 esse

155 1039 255 1085 usum
279 1021 424 1101 auctore,
450 1016 719 1104 quandoquidem
743 1017 999 1102 epitomatorem
1022 1015 1190 1098 Latinum,
1223 1015 1281 1081 ubi

156 1125 276 1192 Graeci
300 1124 443 1212 exempli
458 1124 562 1190 verba
585 1124 660 1209 ipsa
675 1122 832 1189 adhibere
857 1123 888 1188 ei
904 1123 1014 1188 visum
1031 1125 1093 1205 eet,
1111 1143 1152 1188 ee
1167 1122 1279 1188 varie-

156 1234 245 1299 visse
270 1233 339 1298 veri
363 1234 416 1298 est
439 1229 703 1296 dissimillimum.

245 1338 311 1405 Sed
324 1338 399 1404 lieri
414 1338 533 1425 potuit,
558 1342 597 1403 ut
612 1337 700 1404 Zeno
716 1337 935 1420 Hermogenis
952 1337 1096 1420 vestigia
1116 1339 1281 1423 premeret

158 1451 192 1513 et
209 1445 375 1532 Sulpicius
392 1445 506 1511 Victor
521 1445 572 1510 ita
588 1466 631 1511 ex
645 1443 708 1510 hoc
728 1443 896 1530 penderet.
913 1443 1017 1529 Atqui
1034 1443 1098 1509 etsi
1114 1445 1280 1510 Zenonem

157 1556 269 1620 aetate
300 1553 503 1638 superiorem
527 1551 735 1636 Hermogene
765 1551 870 1616 fuisse
898 1571 956 1636 pro
990 1553 1078 1616 certo
1111 1550 1279 1617 affirmare
1367 1597 1370 1603 ,

156 1659 370 1748 nequimUS‚²)
393 1662 509 1725 temen
539 1658 604 1724 hoc
634 1662 784 1724 statuere
808 1678 876 1722 non
900 1678 1063 1740 veremur,
1093 1677 1168 1722 curn
1200 1679 1279 1723 con-

156 1766 339 1834 sideremus
356 1767 599 1852 expositionem
615 1764 751 1851 Sulpicii
772 1763 875 1830 talem
891 1786 975 1848 esse,
993 1767 1033 1829 ut
1049 1764 1092 1830 ad
1109 1768 1280 1832 auctorem

129 1899 130 1902 ¹
156 1875 365 1957 Hermogene
389 1873 592 1958 superiorem
614 1870 789 1938 referenda
813 1871 865 1937 sit.
909 1870 1004 1951 Quod
1027 1893 1070 1936 ex
1093 1871 1145 1936 his
1162 1870 1279 1938 elucet

157 1981 320 2066 Sulpicius
345 1979 493 2063 singulos
518 1967 636 2046 status¹
651 1979 878 2064 assumptivos
903 1978 1085 2064 separatim
1108 1979 1278 2062 tractavit,

157 2110 230 2154 cum
261 2087 490 2170 Hermogenes
521 2107 579 2153 eos
603 2107 671 2152 uno
704 2087 812 2171 capite
845 2084 1137 2171 comprehenderit.
1184 2085 1279 2152 Illam

156 2199 269 2261 autem
294 2193 549 2280 explicationem
572 2194 636 2259 hac
658 2194 799 2278 priorem
816 2214 890 2259 esse
913 2195 1016 2279 patet.
1052 2191 1177 2258 Eadem
1193 2195 1278 2259 ratio

155 2302 189 2366 in
206 2321 244 2368 co
260 2301 416 2386 cernitur,
434 2301 523 2386 quod
539 2299 593 2366 ille
606 2321 674 2366 non
689 2320 763 2365 raro
780 2321 833 2365 res
849 2299 956 2382 magis
973 2298 1108 2366 definite
1125 2302 1280 2385 exposuit

155 2429 255 2494 quam
277 2408 341 2491 hic,
366 2409 423 2494 qui
446 2407 628 2493 compluria
650 2427 719 2471 non
751 2406 861 2472 solum
892 2406 1032 2472 strictim
1064 2408 1185 2493 attigit,
1219 2407 1279 2474 sed

155 2517 256 2582 etiam
279 2515 444 2601 ineptivit,
469 2535 545 2580 cum
569 2518 671 2600 caput
692 2523 748 2598 τῆς
770 2522 835 2578 τῶν
859 2516 997 2597 ἐλέγχων
1013 2516 1210 2598 ἀπαιτήσεως
1229 2515 1279 2580 ita

154 2621 307 2688 bifariam
339 2621 508 2687 distribuit
531 2621 574 2708 (p.
594 2621 666 2704 143,
680 2621 748 2704 2711
780 2625 800 2704 ἢ
825 2623 885 2704 γάρ
909 2623 983 2685 εἰσιν
1015 2623 1046 2684 οἱ
1075 2623 1233 2705 μάρτυρες
1257 2626 1276 2704 ἢ

154 2732 201 2804 οὔ,
225 2727 363 2794 temetsi
390 2728 536 2794 testibus
564 2727 734 2815 productis
759 2727 799 2793 de
822 2727 1051 2814 postulatione
1076 2748 1188 2792 eorum
1213 2727 1277 2793 dici

153 2855 220 2901 non
243 2856 341 2920 posse
373 2835 482 2920 quivis
508 2834 606 2900 videt.
654 2833 748 2914 Quod
781 2835 824 2900 ed
858 2833 992 2920 Sulpicii
1021 2833 1277 2921 explicationem

153 2943 258 3024 magis
283 2941 459 3008 definitam
483 2943 616 3025 attinet,
641 2941 703 3007 hos
727 2941 817 3007 locos
842 2941 1061 3008 conferamus.

324 3048 414 3135 Sulp.
430 3048 515 3115 Vict.
932 3047 1084 3132 Hermog.

196 3177 226 3241 p.
248 3155 322 3242 326,
344 3156 397 3221 18:
431 3156 562 3222 Tertius
594 3155 686 3222 locus
787 3176 816 3240 p.
837 3154 909 3238 144,
923 3155 979 3220 24:
999 3156 1045 3219 Ἡ
1055 3157 1204 3239 βούλησις
1223 3158 1277 3220 καὶ

154 3265 206 3327 est
227 3261 409 3328 facultatis
456 3263 493 3328 ln
524 3262 587 3327 hoc
614 3261 685 3328 loco
741 3266 760 3346 ἡ
797 3264 931 3346 δύναμις
966 3263 1029 3326 ἀπὸ
1068 3269 1133 3341 τῶν
1170 3283 1275 3346 παρα-

241 3440 259 3510 ¹)
279 3441 321 3495 Cf.
342 3441 419 3511 Sulp.
439 3440 512 3495 Vict.
533 3457 558 3510 p.
571 3440 632 3504 336,
643 3440 691 3494 31:
711 3437 740 3491 ἐκ
758 3443 805 3492 τοῦ
823 3437 976 3496 λελοιπότος
999 3442 1042 3491 καὶ
1061 3437 1194 3510 γεγονότος
1213 3457 1276 3494 cum

153 3529 282 3598 Hermog.
302 3547 329 3599 p.
345 3530 403 3595 153,
414 3529 458 3596 23,
469 3529 504 3583 26
524 3531 586 3599 Sp:
612 3526 640 3580 ἐκ
658 3531 711 3581 τῶν
728 3531 895 3600 παρειμένων
915 3568 921 3582 .
942 3568 948 3582 .
968 3526 996 3580 ἐκ
1013 3531 1067 3580 τῶν
1083 3530 1277 3599 πεπραγμένων

153 3617 729 3688 (1113323)11811111.1’111.ρ.338,19;
758 3619 825 3672 »nst
848 3619 914 3672 linis
941 3622 970 3671 11
994 3617 1047 3682 1111,
1075 3634 1158 3688 quern
1177 3618 1275 3672 Graeci

150 3704 333 3789 ξγκρινόμενον
351 3710 472 3762 vocant‹
494 3724 558 3762 curn
577 3706 707 3776 Hermog.
727 3707 887 3777 p.156,21:
907 3705 921 3757 ὁ
941 3704 1086 3774 ἐμπίπτων.

240 3798 260 3866 ²)
279 3797 342 3851 lenc
361 3797 459 3851 rhetor
477 3797 590 3850 nomine
609 3797 692 3863 Zeno,
718 3797 765 3868 qui
790 3796 945 3850 secundum
965 3795 1080 3850 Suidam
1099 3796 1134 3850 de
1153 3796 1274 3851 statibus

153 3885 263 3956 scripsit
281 3886 326 3956 (cf.
339 3887 384 3940 W.
397 3886 435 3940 VI
448 3885 491 3950 21,
503 3886 536 3954 3),
556 3886 631 3940 idern
650 3887 687 3940 sit
700 3888 787 3957 atque
799 3886 831 3949 is,
847 3902 929 3957 quern
943 3884 1078 3956 Syrianus
1092 3885 1129 3954 (in
1143 3885 1274 3952 Hermog.

152 3990 251 4029 comm.
271 3991 297 4029 v.
311 3976 336 4030 Il
349 3992 375 4045 p.
390 3974 432 4041 60,
446 3975 476 4029 ll
488 3974 531 4044 R.)
552 3977 711 4045 temporum
723 3975 834 4029 ratione
846 3976 975 4044 respecta
989 3975 1057 4028 aute
1070 3973 1274 4043 Hermogenem

152 4067 181 4118 11
198 4065 413 4134 Metrophanem
442 4063 683 4128 commemoravit,
709 4064 737 4117 in
762 4063 855 4118 medio
880 4062 1036 4134 relinquere
1056 4063 1197 4126 debemus
1222 4061 1274 4116 nisi

152 4152 227 4222 quod
245 4155 396 4224 utrumque
414 4153 444 4207 in
462 4153 683 4208 Demosthenem
702 4151 904 4207 commentaria
924 4151 1080 4206 confecisse
1093 4151 1160 4205 ferri
1173 4153 1275 4206 notatu

152 4241 265 4312 dignum
285 4246 329 4296 est
348 4241 394 4311 (cf.
415 4241 491 4298 Suid.
511 4258 533 4296 s,
546 4259 574 4296 u.
593 4240 685 4308 Ζήνων
703 4241 807 4298 Κιτιεὺς
825 4259 889 4296 oum
909 4242 969 4311 Syr.
981 4242 999 4296 l.
1019 4241 1063 4296 all.
1077 4257 1103 4296 v.
1118 4241 1130 4294 l
1143 4257 1169 4310 p.
1186 4241 1226 4305 13,
1238 4241 1273 4310 9).
