3198 5054
737 427 982 493 „124-

299 607 453 674 titionem
477 605 671 672 continuam
688 605 919 692 conspicimus
945 626 962 670 e
980 625 1047 691 qua
1063 603 1279 690 quaestiones
1294 602 1420 685 legales

299 735 367 780 nou
391 716 460 780 sint
483 716 661 799 separatae
681 735 702 778 a
718 713 864 779 statibus
879 709 1116 798 principalibus
1133 712 1220 776 sicut
1236 709 1421 775 seeundum

276 821 498 905 Ciceronem,
509 820 531 908 1)
564 819 623 886 sed
654 819 810 906 qualitati
841 823 918 904 apte
951 819 1154 904 suppositae.
1200 815 1327 882 Deinde
1357 815 1422 881 hoc

300 928 509 1015 potissimum
533 925 841 1008 animadvertimus
867 947 940 992 cum
958 925 1068 991 Cicero
1076 925 1099 1006 Ι)
1117 927 1152 990 et
1164 922 1389 1003 Quintilianus
1397 923 1421 1008 8)

299 1035 538 1116 Hermagoram
562 1034 717 1120 qualitati
740 1036 871 1119 praeter
893 1036 1007 1119 partes
1030 1030 1245 1097 iuridicialem
1268 1034 1303 1096 et
1317 1050 1422 1112 nego·

299 1141 415 1207 tialem
431 1141 684 1206 deliberativam
702 1144 737 1206 et
753 1139 1050 1206 demonstrativam
1069 1137 1250 1218 subiecisse
1268 1139 1422 1203 auctores

302 1249 380 1331 sint,
412 1248 655 1330 Hermogenem
678 1246 753 1312 illas
778 1246 896 1314 ambas
921 1246 1010 1312 soles
1036 1266 1096 1310 suo
1120 1243 1191 1310 loco
1217 1243 1421 1310 discrevisse.

215 1364 218 1369 '
300 1355 435 1420 Minoris
451 1354 610 1420 momenti
628 1357 680 1419 est
696 1375 764 1420 non
781 1355 1014 1437 coniecturam,
1028 1351 1141 1435 finem,
1155 1351 1421 1433 translationem,

300 1461 359 1527 sed
383 1462 556 1546 qualitatis
579 1461 684 1526 solius
708 1463 935 1547 quaestiones,
961 1481 1047 1546 quae
1069 1459 1104 1523 in
1121 1458 1221 1524 factis
1237 1463 1423 1540 versantur,

301 1567 524 1654 appellatione
563 1571 700 1652 λογικῶν
727 1571 867 1633 στάσεων
900 1568 935 1631 in
970 1567 1042 1632 eius
1078 1564 1289 1651 discriptione
1323 1563 1423 1649 plane

301 1674 547 1761 comprehendi,
587 1673 845 1741 translationem
884 1674 1039 1739 bifariam
1079 1693 1153 1738 esse
1200 1670 1422 1755 distributam,

301 1785 460 1868 quattuor
483 1785 595 1867 partes
620 1781 794 1867 qualitatis
819 1781 1054 1866 adsumptivae
1079 1779 1143 1844 alio
1167 1778 1263 1844 modo
1280 1777 1425 1843 invicem

302 1911 337 1954 se
361 1889 510 1974 excipere
535 1891 637 1974 atque
662 1888 751 1974 apud
768 1887 967 1970 Ciceronem,
984 1887 1184 1973 partitiones
1201 1885 1424 1951 concessionis

302 1998 335 2061 et
358 1996 550 2060 remotionis
575 1995 701 2060 deesse.
1195 1993 1199 2001 '

391 2121 597 2186 Divisionem
636 2121 830 2185 continuam
864 2119 1090 2202 Hermagorae
1129 2117 1317 2204 adiudicare
1356 2137 1425 2182 non

302 2227 506 2312 dubitamus,
531 2227 629 2293 modo
647 2249 720 2293 eam
738 2228 858 2313 speciei
882 2228 1052 2309 scientiae,
1077 2247 1178 2312 quam
1201 2227 1229 2291 is
1254 2225 1318 2291 arti
1341 2210 1424 2289 suae

303 2335 472 2419 imponere
497 2332 635 2416 studuit,
661 2355 795 2420 prorsus
815 2333 1014 2420 respondere
1032 2331 1286 2400 consideremus.
1296 2333 1319 2414 ⁴)
1359 2334 1424 2395 Ac-

304 2439 401 2524 cedit,
441 2440 530 2526 quod
569 2442 807 2507 contrariorum
846 2441 940 2526 paria
971 2441 1266 2525 ἀφοσές-φονερόν;
1305 2440 1424 2510 ἀτελές-

303 2551 418 2614 τέΙειον
448 2569 516 2614 non
547 2549 673 2635 primus
697 2548 924 2630 Hermogenes
955 2547 1104 2633 praebet,
1137 2545 1197 2612 sed
1219 2548 1287 2610 iam
1309 2545 1424 2610 Philo-

303 2655 420 2722 demus
431 2656 454 2742 ⁶)
479 2659 512 2721 et
536 2655 680 2741 Oicer0⁶)
711 2658 950 2742 praetereaque
973 2655 1027 2720 hic
1051 2652 1265 2740 quaestiones
1289 2651 1424 2734 legales,

303 2785 388 2849 quas
417 2763 453 2828 in
484 2763 668 2829 rhetoricae
691 2761 784 2827 libris
808 2784 829 2827 a
852 2763 986 2848 reliquis
1011 2762 1227 2847 separaverit,
1260 2761 1293 2824 in
1317 2760 1424 2824 multo

304 2868 437 2934 meliore
462 2890 568 2954 opere,
594 2869 683 2955 quod
706 2869 895 2936 inscribitur
912 2869 952 2935 de
970 2871 1108 2952 oratore,
1129 2867 1302 2953 qualitatis
1318 2865 1426 2931 statui

305 2975 454 3041 subiecit.
477 2981 487 3058 )
533 2977 645 3062 Atque
668 2976 788 3042 horum
804 2980 977 3043 auctorum
994 2975 1084 3041 locos
1099 2977 1134 3040 in
1151 2972 1425 3040 adnotationibus

395 3191 412 3255 1)
433 3191 475 3244 De
493 3190 548 3244 inv.
569 3191 580 3244 Ι
601 3191 695 3255 13,17.

394 3279 413 3349 2)
433 3280 501 3334 lbid.
521 3280 533 3332 Ι
551 3279 575 3343 9,
590 3280 630 3332 12.

397 3368 612 3438 Hfflbffim

394 3456 414 3524 ⁴)
434 3456 475 3510 ef.
495 3456 549 3510 Cio.
570 3457 604 3510 de
623 3460 694 3511 orat.
714 3457 724 3508 l
741 3474 764 3511 ο.
777 3457 821 3510 42.

396 3547 414 3614 ⁵)
434 3545 506 3600 rhet.
526 3545 551 3598 ll
564 3545 607 3609 38,
617 3546 650 3599 8:
670 3542 792 3612 ἐχόμενον
811 3586 817 3599 .
838 3589 844 3600 .
863 3550 945 3598 παντὶ
962 3545 1030 3612 τάχα
1043 3543 1187 3596 ἀκολουθεῖ
1196 3547 1245 3595 τῶι
1258 3546 1311 3594 rc'v
1323 3539 1428 3607 ἀδήλων

305 3655 333 3687 τι
350 3635 408 3689 ταῖς
427 3633 567 3698 αἰσθήσεσι
585 3635 730 3704 θεωροῦντι
748 3634 778 3686 τὸ
798 3631 842 3686 διὰ
860 3639 907 3687 τοῦ
927 3638 1039 3704 φανεροῦ
1057 3634 1088 3686 τὸ
1108 3633 1206 3702 ἀφανὲς
1219 3629 1426 3700 συλλογίζεσθαι.

306 3728 361 3776 Καὶ
379 3721 513 3779 πολιτικὸς
530 3716 591 3793 yodv
608 3723 729 3776 τοιοὺτωι
748 3722 919 3794 συλλογισμῶι
937 3727 1030 3795 χρῆται
1050 3763 1056 3777 .
1077 3763 1083 3776 .
1104 3763 1110 3777 .
1148 3722 1318 3786 Cf.1140,l.

396 3817 414 3882 q
436 3814 470 3867 de
490 3831 528 3869 or.
547 3813 704 3878 1125,1oa:
728 3814 797 3868 »hoe
815 3815 951 3884 praecipit
970 3815 1042 3867 ratio
1062 3817 1148 3884 atque
1168 3813 1305 3880 doctrina,
1334 3815 1367 3867 ut
1385 3811 1428 3866 vis

308 3903 366 3958 eius
391 3903 438 3968 rei,
465 3919 550 3975 quam
574 3902 701 3968 definias,
726 3904 767 3958 sic
793 3903 976 3973 exprimatur,
1010 3906 1040 3956 ut
1063 3919 1153 3974 neque
1177 3904 1252 3958 absit
1275 3903 1429 3975 quidquam

308 4009 399 4064 neque
427 3993 572 4063 supersit«
619 3992 660 4048 Cf.
680 3993 744 4048 ibid.
765 3991 832 4064 §83
858 3994 887 4046 et
911 3992 1023 4047 Philod.
1046 3993 1117 4046 rhet.
1138 3993 1216 4058 1143,
1231 3993 1263 4047 12
1288 3995 1318 4047 et
1336 4009 1362 4063 p.
1376 3991 1429 4046 108

309 4086 459 4137 comment.
478 4098 566 4136 meae.

402 4171 419 4239 Ι)
440 4170 596 4236 1126,110:
620 4193 641 4225 ».
662 4213 668 4225 .
687 4172 716 4225 in
735 4188 769 4225 eo
782 4187 892 4241 genere,
912 4170 941 4224 in
955 4188 1018 4243 quo,
1034 4172 1116 4242 quale
1129 4172 1167 4225 sit
1181 4171 1254 4242 quid,
1269 4170 1429 4240 ambigitur,

310 4259 422 4313 exsistit
446 4259 532 4313 etiam
559 4277 593 4313 ex
612 4259 707 4330 scripti
726 4261 957 4330 interpretatione
977 4277 1062 4331 saepe
1081 4261 1234 4316 contentio
1272 4259 1313 4314 Ol.
1334 4260 1428 4326 Quint
