3198 5054
779 401 1024 465 —128—

341 581 400 646 lite
433 579 598 664 dicuntur,
633 579 830 662 obiurgatio,
864 578 1059 662 cohortati0,
1096 575 1289 662 consolatio,
1322 596 1464 662 quorum

342 687 425 752 nihil
457 690 518 770 est,
551 686 638 774 quod
662 707 730 752 non
755 707 886 752 summa
910 683 1038 750 dicendi
1061 686 1260 751 ornamenta
1283 682 1466 764 desideret;

343 793 402 860 sed
426 815 468 861 ex
491 793 632 860 artificio
656 816 709 860 res
732 794 820 860 istae
835 795 1015 878 praecepta
1035 812 1102 857 non
1119 793 1311 876 quaerunt«
1346 789 1464 876 Neque

342 901 443 984 igitur
474 901 627 968 dubitare
660 921 853 988 possumus,
891 900 971 986 quin
1002 901 1037 964 in
1069 901 1220 964 statuum
1252 896 1465 983 discriptione

342 1007 568 1091 Hermagorae
591 1029 696 1091 genus
720 1007 929 1094 epidicticum
959 1006 1140 1092 separatim
1168 1025 1235 1070 non
1264 1004 1308 1069 sit
1330 1024 1465 1088 respec-

343 1122 426 1196 tum,
458 1117 497 1179 ut
521 1117 555 1179 et
579 1114 769 1180 Ciceronem
793 1111 1084 1180 adulescentulum
1108 1115 1142 1178 et
1165 1111 1406 1192 Quintilianum
1429 1111 1466 1176 in

344 1221 408 1286 hac
430 1241 465 1287 re
490 1241 618 1286 errasse
643 1225 792 1287 statuere
818 1241 982 1304 cogamur.

434 1344 498 1411 Sed
529 1345 621 1411 istud
652 1367 794 1432 quoque,
827 1345 906 1431 quid
938 1345 1001 1411 sibi
1028 1345 1110 1410 velit
1139 1348 1158 1428 ἡ
1186 1347 1396 1429 πραγματική,
1429 1345 1465 1409 in

344 1450 620 1538 disceptationem
656 1452 752 1518 cadit.
764 1454 789 1540 1)
834 1451 967 1518 Etenim
1003 1451 1186 1518 secundum
1221 1451 1467 1534 Hermogenem

345 1557 491 1644 qualitas
514 1557 691 1642 negotialis
714 1581 783 1625 non
807 1559 915 1625 diflert
939 1581 960 1626 a
982 1562 1078 1645 parte
1102 1559 1329 1642 deliberativa,
1361 1561 1400 1623 ut
1424 1580 1468 1624 ea

344 1686 597 1750 supervacanea
620 1667 674 1749 sit,
699 1688 773 1731 cum
791 1666 902 1732 Cicero
920 1669 954 1732 et
971 1666 1197 1746 Quintilianus
1221 1687 1278 1732 eas
1294 1665 1466 1731 disiunxe-

343 1773 411 1838 rint
440 1776 475 1839 et
501 1772 549 1838 illi
573 1773 657 1840 alter
681 1773 822 1840 alteram
845 1775 913 1839 vim
943 1774 1153 1840 subiecerint.
1199 1773 1325 1839 Horum
1349 1777 1468 1839 autem

344 1879 518 1965 utriusque
554 1881 808 1967 explicationem
844 1880 1044 1947 reiciendam
1079 1902 1153 1946 esse
1188 1902 1230 1946 ex
1262 1880 1315 1945 his
1347 1879 1467 1946 elucet.

344 1979 509 2051 Ciceronis
533 1988 600 2052 ista
619 1988 723 2053 verba
748 1987 798 2069 (de
823 1988 919 2054 inul
946 1987 1080 2074 11,14);
1109 1988 1315 2073 »negotialis
1339 1988 1472 2073 inqua,

345 2092 424 2178 quid
453 2094 535 2158 iuris
559 2114 600 2158 ex
625 2094 711 2160 civili
743 2116 832 2160 more
865 2097 900 2160 et
931 2095 1102 2182 aequitate
1134 2095 1187 2180 sit,
1221 2094 1467 2178 consideratum

346 2200 398 2264 cui
422 2199 612 2281 diligentiae
637 2221 792 2286 praeesse
817 2200 905 2287 apud
929 2223 991 2268 nos
1014 2202 1085 2267 iure
1110 2202 1254 2268 consulti
1269 2201 1467 2268 existiman-

344 2308 425 2370 tur«
453 2310 628 2393 propterea
658 2307 755 2373 nobis
785 2307 918 2394 probari
942 2313 1121 2394 nequeunt,
1153 2309 1241 2396 quod
1273 2309 1468 2392 significant

345 2412 413 2478 tale
438 2413 594 2499 cilicium,
619 2414 711 2501 quali
735 2435 810 2480 curn
834 2418 982 2481 oratores
1004 2417 1068 2501 ipsi
1092 2415 1308 2502 supersedere
1325 2438 1465 2483 consue-

345 2521 520 2605 vissentff)
552 2521 595 2588 ab
627 2522 749 2587 artium
773 2521 988 2608 scriptoribus
1017 2526 1104 2589 certe
1127 2523 1314 2606 neglectum
1340 2528 1399 2606 est,
1432 2529 1467 2590 et

345 2627 425 2714 quid
456 2628 519 2692 iuri
548 2629 635 2694 civili
664 2632 851 2713 conveniat,
885 2629 964 2715 quid
995 2651 1073 2715 non,
1105 2630 1218 2696 rhetor
1245 2633 1279 2696 in
1311 2632 1466 2698 omnibus

346 2735 458 2800 causis
491 2734 676 2801 tractandis
708 2737 844 2802 novisse
869 2737 978 2822 debet,
1011 2741 1050 2802 ut
1082 2739 1193 2803 status
1217 2738 1394 2821 negotialis
1417 2739 1468 2804 ita

345 2842 586 2926 interpretatus
618 2841 700 2907 nihil
732 2843 859 2910 habeat
890 2844 1019 2929 proprii.
1074 2844 1299 2924 Quintilianus
1335 2866 1466 2931 quoque

346 2947 509 3013 incertam
541 2950 796 3034 explicationem
827 2949 991 3016 Ciceronis
1026 2951 1269 3018 adulescentuli
1302 2952 1465 3039 repudiat,

346 3053 403 3120 sed
434 3077 476 3121 ne
507 3055 578 3141 ipse
607 3055 749 3141 quidem,
782 3056 861 3143 quid
887 3056 1109 3140 Hermagoros
1136 3057 1335 3145 qualitatem
1361 3081 1466 3143 nego-

346 3161 462 3228 tialem
493 3162 704 3245 intellexerit,
739 3163 851 3248 tradit,
889 3186 963 3229 cum
997 3166 1026 3231 ei
1049 3168 1263 3252 quaestiones
1294 3167 1467 3250 generales

347 3269 509 3334 attribuit.
549 3270 700 3356 Namque
725 3270 909 3357 quemlibet
932 3275 1061 3338 statum
1084 3273 1268 3339 secundum
1291 3273 1467 3339 Temnium

345 3378 434 3441 θέσιν
459 3375 645 3441 ducendum
671 3399 869 3463 essesupra
892 3400 922 3464 p.
942 3380 1004 3445 108
1029 3401 1097 3466 sqq.
1123 3380 1339 3446 ostendimus.
1370 3380 1468 3447 Nunc

345 3482 447 3565 igitur
477 3483 630 3568 quaestio
663 3485 803 3567 exsistit,
834 3485 1101 3570 Hermagoraene
1133 3508 1206 3553 esse
1233 3487 1321 3554 hanc
1344 3488 1467 3554 defini-

346 3589 471 3655 tionem
499 3599 554 3674 ιῆς
576 3601 796 3676 πραγματικῆς
819 3593 861 3659 ab
884 3592 1093 3677 Hermogene
1121 3596 1309 3682 praebitam
1337 3617 1467 3662 sumere

345 3696 445 3762 liceat
470 3697 534 3782 (Sp.
551 3698 579 3762 ll
607 3698 677 3782 139,
696 3699 765 3784 10);
789 3703 1012 3786 πραγματικὴ,
1030 3705 1130 3768 ,ἐστιν
1151 3706 1383 3788 ἀμφισβήτησις
1397 3707 1470 3787 περὶ

437 3946 456 4016 ¹)
476 3947 519 4001 Cf.
538 3948 639 4002 'Phielii
656 3948 786 4018 Hermag.
805 3967 832 4020 p.
846 3950 882 4004 54
890 3967 950 4022 sqq.

438 4054 458 4124 ⁹)
479 4054 534 4109 Cic.
555 4055 589 4109 de
609 4072 647 4111 or.
660 4056 727 4122 145,
741 4056 805 4111 198:
828 4079 850 4111 ›.
871 4099 877 4112 .
897 4059 973 4128 apud
986 4059 1108 4113 Graecos
1121 4059 1212 4113 infimi
1225 4061 1352 4114 homines
1365 4077 1470 4116 merce·

348 4143 415 4196 dula
433 4143 547 4198 adducti
566 4144 709 4199 ministros
728 4162 759 4199 se
778 4148 913 4215 praebent
931 4148 959 4200 in
979 4147 1088 4202 iudiciis
1109 4149 1274 4215 oratoribus,
1288 4149 1322 4215 ei,
1335 4150 1384 4221 qui
1396 4151 1470 4221 apud

347 4231 410 4286 illos
428 4237 609 4302 πραγματικαὶ
628 4238 789 4291 uocantum«
829 4235 870 4290 of.
889 4237 954 4292 ibid.
975 4238 1089 4302 511253.
1128 4238 1221 4305 Quint.
1235 4239 1285 4292 Xll
1297 4239 1355 4303 3,4.
