3198 5054
766 419 806 424 -
855 379 987 444 98,.

409 560 550 642 August.
567 579 596 643 p.
616 558 688 640 138,
703 557 761 624 31:
789 585 803 615 »
831 609 837 622 .
863 607 868 622 .
892 555 1094 623 medicorum
1119 558 1153 622 et
1168 553 1438 641 philosophorum

317 669 353 732 et
378 670 508 731 ceterae
531 663 723 730 huiusmodi
746 664 961 749 quaestiones
993 667 1089 728 extra
1116 662 1266 745 regulam
1298 661 1437 742 civilem,

317 793 418 859 quam
441 774 601 855 πολιτικὴν
625 769 743 836 Graeci
766 773 898 855 vocant,
923 769 1165 836 conlocantur«

407 879 459 944 W.
477 877 537 942 VH
556 878 701 961 112,18:
725 878 883 943 πολιτικὸν
907 929 937 942 ..
961 881 1084 964 ζήτημα
1107 878 1143 940 τὸ
1167 877 1335 960 ῥητορικὸν
1357 876 1439 957 πρὸς

317 988 549 1069 ἀντιδιαστολὴν
572 993 636 1050 τῶν
660 987 850 1069 φιλοσόφων
872 987 926 1050 καὶ
948 992 1011 1050 τῶν
1035 986 1163 1050 λοιπῶν.

406 1092 523 1178 ltaque
562 1093 699 1158 notione
744 1100 800 1157 τοῦ
838 1093 998 1156 πολιτικοῦ
1038 1095 1215 1174 ζητήματος
1257 1089 1440 1156 statuenda

317 1199 516 1265 rhetoricam
539 1200 755 1264 terminatam
779 1220 862 1280 esse,
889 1201 928 1263 ut
950 1218 1017 1264 non
1035 1196 1204 1283 quaelibet
1227 1217 1280 1261 res
1304 1196 1335 1261 ei
1358 1195 1438 1260 sub-

317 1307 468 1388 iceretur,
505 1307 757 1392 comprobatum
792 1310 852 1371 est.
899 1304 969 1370 lam
1004 1304 1047 1370 ad
1077 1304 1166 1369 hanc
1197 1303 1437 1389 quaestionem,

319 1434 501 1500 quamnam
525 1413 701 1478 materiam
716 1412 937 1495 Hermagoras
963 1415 1086 1495 ζήτημα
1110 1410 1269 1476 πολιτικὸν
1292 1408 1440 1491 intellegi

318 1519 470 1601 voluerit,
509 1520 731 1602 Augustinus
779 1540 922 1605 quocum
961 1518 1235 1600 Fortunatianus,
1276 1515 1440 1601 Sulpicius

317 1627 442 1709 Victor,
472 1626 582 1691 Julius
607 1626 721 1692 Victor
749 1626 974 1709 consentiunt,
1006 1624 1210 1711 planissimis
1230 1623 1341 1689 verbis
1372 1623 1440 1687 iam

319 1755 420 1820 supra
454 1734 551 1799 nobis
586 1733 765 1819 respondit.
819 1731 880 1798 Hic
913 1732 1015 1797 liceat
1049 1732 1247 1814 gravissima
1281 1733 1439 1815 repetere.

317 1841 458 1922 August.
475 1861 504 1925 p.
525 1840 596 1923 138,
611 1840 669 1905 34:
709 1839 814 1905 »Sunt
838 1890 844 1904 .
869 1890 875 1904 .
900 1839 1013 1904 civiles
1039 1839 1263 1925 quaestiones,
1299 1857 1440 1922 quarum

317 1947 502 2033 perspectio
519 1947 554 2011 in
571 1967 779 2012 communem
796 1946 899 2011 animi
915 1947 1166 2031 conceptionem
1182 1947 1295 2031 potest
1311 1942 1438 2024 cadere,

318 2053 406 2140 quod
448 2053 566 2120 Graeci
599 2055 710 2136 κοινὴν
745 2056 868 2118 ἔννοιαν
902 2056 1027 2118 vocant
1062 2104 1068 2118 .
1104 2104 1110 2117 .
1147 2104 1153 2117 .
1192 2052 1264 2136 139,
1287 2051 1343 2116 11:
1382 2050 1440 2116 ubi

318 2160 499 2245 quaeritur,
525 2160 612 2224 sitne
637 2157 761 2245 aliquid
777 2163 903 2225 iustum
927 2180 971 2224 an
994 2160 1166 2244 iniustum,
1191 2158 1373 2224 honestum
1396 2179 1439 2222 an

318 2266 544 2351 inhonestum,
570 2265 777 2332 laudandum
801 2287 845 2331 an
867 2266 1183 2353 reprehendendum,
1207 2267 1353 2351 praemio
1379 2264 1440 2329 ad-

317 2373 498 2438 ficiendum
523 2394 566 2438 an
591 2373 760 2460 supplicio,
796 2372 878 2439 utile
911 2394 955 2439 an
979 2373 1097 2439 inutile
1122 2377 1157 2439 et
1179 2373 1207 2438 si
1231 2393 1299 2457 qua
1321 2371 1440 2437 huius-

319 2480 409 2546 modi
425 2485 513 2564 sunt,
538 2501 635 2546 nemo
660 2502 727 2546 non
754 2481 857 2546 etiam
881 2484 977 2547 extra
1001 2501 1134 2546 omnem
1149 2483 1256 2545 artem
1280 2482 1315 2545 et
1331 2480 1440 2544 scien-

319 2591 401 2654 tiam
426 2588 618 2654 conlocatus
644 2589 828 2669 erubescat,
854 2589 882 2652 si
905 2586 989 2653 haec
1013 2589 1138 2652 nescire
1162 2587 1345 2653 videatur«
1395 2585 1440 2650 Of.

319 2695 405 2760 Fort.
421 2716 451 2780 p.
468 2695 572 2779 81,9:
616 2694 726 2774 »Quae
759 2698 839 2760 sunt
872 2693 985 2760 civiles
1018 2695 1258 2780 quaestiones?
1290 2714 1376 2779 quae
1407 2693 1441 2758 in

319 2822 529 2866 communem
564 2802 667 2866 animi
699 2801 949 2887 conceptionem
979 2805 1122 2887 possunt
1153 2799 1280 2883 eadere,
1314 2798 1349 2865 id
1379 2804 1440 2882 est,

319 2928 404 2994 quas
429 2908 659 2993 unusquisque
683 2911 796 2993 potest
818 2907 1020 2990 intellegere,
1045 2911 1084 2973 ut
1108 2928 1183 2972 cum
1207 2908 1378 2993 quaeritur
1401 2905 1441 2972 de

320 3034 427 3099 aequo
445 3017 480 3078 et
496 3015 610 3080 bono«
649 3013 695 3080 cf.
709 3014 798 3101 Sulp.
811 3014 895 3081 Viot.
907 3037 937 3101 p.
950 3015 1024 3098 313,
1038 3016 1091 3098 173
1106 3013 1170 3079 lul.
1183 3013 1267 3080 Viot.
1280 3035 1309 3100 p.
1322 3014 1397 3097 373,
1408 3014 1441 3079 3:

325 3120 430 3186 »Sunt
454 3172 460 3186 .
485 3173 491 3186 .
517 3143 557 3187 ea
582 3122 715 3186 demum
740 3122 850 3187 civilia
873 3123 1017 3205 negotia,
1043 3143 1129 3207 quae
1154 3110 1246 3187 nulla
1271 3124 1342 3186 arte
1365 3142 1441 3207 pro·

320 3229 392 3313 pria
416 3230 637 3310 continentur,
663 3232 702 3293 ut
724 3229 945 3312 geometricae
970 3233 1004 3294 et
1026 3231 1174 3294 musicae
1199 3233 1233 3295 et
1257 3231 1441 3294 ceterarum

321 3335 513 3400 huiusmodi
529 3335 753 3419 scientiarum,
772 3334 829 3401 sed
846 3357 961 3401 earum
977 3357 1087 3401 rerum
1102 3339 1285 3401 tractatum
1303 3334 1440 3419 habent,

321 3461 408 3526 quae
433 3442 647 3526 perficiuntur
678 3464 720 3507 ex
753 3443 906 3528 opinione
938 3443 1105 3508 communi
1137 3445 1198 3508 aut
1221 3441 1350 3524 legibus
1382 3444 1442 3506 aut

321 3549 478 3631 moribus,
504 3552 538 3614 et
562 3547 742 3635 dequibus
766 3570 890 3633 omneS,
916 3551 971 3635 qui
997 3549 1209 3635 aliquatenus
1233 3548 1441 3614 intellectum

320 3653 466 3738 aliquem
490 3655 662 3741 recipiunt,
687 3664 721 3721 et
745 3655 851 3721 dicere
876 3659 912 3720 et
933 3655 1078 3722 iudicare
1101 3658 1258 3742 possint«

412 3759 539 3841 Quibus
569 3762 650 3828 locis
682 3762 724 3842 id,
758 3762 845 3847 quod
879 3784 980 3849 supra
1012 3760 1323 3845 demonstravimus
1360 3783 1441 3828 con-

322 3867 484 3934 firmatur.
523 3868 675 3954 Namque
692 3870 856 3935 rhetorica
880 3870 963 3934 satis
987 3875 1059 3935 arte
1076 3870 1257 3934 terminata
1280 3872 1341 3953 est,
1367 3890 1442 3934 cum

322 3977 353 4041 ei
377 3976 531 4042 omnibus
555 3974 821 4061 quaestionibus,
856 3997 1086 4062 quaecumque
1109 3976 1310 4061 peculiarem
1334 3978 1441 4041 scien-

320 4083 404 4148 tiam
428 4082 610 4168 requirunt,
645 4082 788 4148 exclusis
813 4082 975 4148 eiusmodi
999 4085 1141 4165 tantum,
1174 4103 1261 4168 quae
1294 4083 1357 4148 sub
1388 4084 1442 4148 in·

320 4188 551 4272 tellegentiam
590 4209 801 4254 communem
839 4189 974 4271 cadunt,
1013 4195 1251 4276 proponuntur.
1304 4190 1352 4255 At
1387 4190 1443 4276 qui
