<?xml version="1.0" encoding="UTF-8"?>
<!DOCTYPE html PUBLIC "-//W3C//DTD XHTML 1.0 Transitional//EN"
    "http://www.w3.org/TR/xhtml1/DTD/xhtml1-transitional.dtd">
<html xmlns="http://www.w3.org/1999/xhtml" xml:lang="en" lang="en">
 <head>
  <title>
</title>
<meta http-equiv="Content-Type" content="text/html;charset=utf-8" />
  <meta name='ocr-system' content='tesseract 3.04.00' />
  <meta name='ocr-capabilities' content='ocr_page ocr_carea ocr_par ocr_line ocrx_word'/>
</head>
<body>
  <div class='ocr_page' id='page_1' title='image "./destatuumdoctri00jaengoog_0065.png"; bbox 0 0 3224 5044; ppageno 0'>
   <div class='ocr_carea' id='block_1_1' title="bbox 769 424 990 489">
    <p class='ocr_par' dir='ltr' id='par_1_1' title="bbox 769 424 990 489">
     <span class='ocr_line' id='line_1_1' title="bbox 769 424 990 489; baseline 0 -19"><span class='ocrx_word' id='word_1_1' title='bbox 769 424 990 489; x_wconf 67' lang='lat'><strong>..52-</strong></span> 
     </span>
    </p>
   </div>
   <div class='ocr_carea' id='block_1_2' title="bbox 319 602 1445 1116">
    <p class='ocr_par' dir='ltr' id='par_1_2' title="bbox 319 602 1445 1116">
     <span class='ocr_line' id='line_1_2' title="bbox 319 602 1444 687; baseline 0.001 -20"><span class='ocrx_word' id='word_1_2' title='bbox 319 602 428 685; x_wconf 85' lang='lat' dir='ltr'><strong>currit,</strong></span> <span class='ocrx_word' id='word_1_3' title='bbox 440 603 464 687; x_wconf 88' lang='lat'><strong>1)</strong></span> <span class='ocrx_word' id='word_1_4' title='bbox 487 605 507 685; x_wconf 86' lang='grc' dir='ltr'>ἡ</span> <span class='ocrx_word' id='word_1_5' title='bbox 531 604 603 685; x_wconf 86' lang='grc' dir='ltr'><strong><em>περὶ</em></strong></span> <span class='ocrx_word' id='word_1_6' title='bbox 631 609 687 666; x_wconf 85' lang='grc' dir='ltr'><strong>τοῦ</strong></span> <span class='ocrx_word' id='word_1_7' title='bbox 710 604 845 684; x_wconf 86' lang='grc' dir='ltr'><strong><em>πότερον</em></strong></span> <span class='ocrx_word' id='word_1_8' title='bbox 872 606 1006 686; x_wconf 81' lang='grc' dir='ltr'><strong><em>περιέχει</em></strong></span> <span class='ocrx_word' id='word_1_9' title='bbox 1034 605 1088 667; x_wconf 85' lang='grc' dir='ltr'><strong>καὶ</strong></span> <span class='ocrx_word' id='word_1_10' title='bbox 1115 605 1249 685; x_wconf 85' lang='grc' dir='ltr'><strong><em>πότερον</em></strong></span> <span class='ocrx_word' id='word_1_11' title='bbox 1272 606 1444 687; x_wconf 77' lang='grc' dir='ltr'><strong><em>περιέχεται</em></strong></span> 
     </span>
     <span class='ocr_line' id='line_1_3' title="bbox 319 707 1443 795; baseline 0.002 -23"><span class='ocrx_word' id='word_1_12' title='bbox 319 715 383 773; x_wconf 78' lang='grc' dir='ltr'><strong>τῶν</strong></span> <span class='ocrx_word' id='word_1_13' title='bbox 408 711 514 792; x_wconf 82' lang='grc' dir='ltr'><em>ῥητῶν</em></span> <span class='ocrx_word' id='word_1_14' title='bbox 538 711 671 792; x_wconf 80' lang='grc' dir='ltr'><strong><em>ζήτησις,</em></strong></span> <span class='ocrx_word' id='word_1_15' title='bbox 703 707 893 773; x_wconf 86' lang='lat' dir='ltr'><strong>Aristotelis</strong></span> <span class='ocrx_word' id='word_1_16' title='bbox 917 709 972 774; x_wconf 92' lang='lat' dir='ltr'><strong>vel</strong></span> <span class='ocrx_word' id='word_1_17' title='bbox 1004 710 1137 774; x_wconf 89' lang='lat' dir='ltr'><strong>omnino</strong></span> <span class='ocrx_word' id='word_1_18' title='bbox 1170 707 1443 795; x_wconf 90' lang='lat' dir='ltr'><strong>philosophorum</strong></span> 
     </span>
     <span class='ocr_line' id='line_1_4' title="bbox 319 813 1442 902; baseline 0.002 -23"><span class='ocrx_word' id='word_1_19' title='bbox 319 835 419 880; x_wconf 91' lang='lat' dir='ltr'><strong>usum</strong></span> <span class='ocrx_word' id='word_1_20' title='bbox 441 813 598 899; x_wconf 89' lang='lat' dir='ltr'><strong>loquendi</strong></span> <span class='ocrx_word' id='word_1_21' title='bbox 621 813 785 902; x_wconf 62' lang='lat' dir='ltr'><strong>redoletl)</strong></span> <span class='ocrx_word' id='word_1_22' title='bbox 830 816 880 880; x_wconf 88' lang='lat' dir='ltr'><strong>Ac</strong></span> <span class='ocrx_word' id='word_1_23' title='bbox 903 816 983 901; x_wconf 90' lang='lat' dir='ltr'><strong>quin</strong></span> <span class='ocrx_word' id='word_1_24' title='bbox 1006 815 1090 881; x_wconf 88' lang='lat' dir='ltr'><strong>haec</strong></span> <span class='ocrx_word' id='word_1_25' title='bbox 1114 816 1226 902; x_wconf 90' lang='lat' dir='ltr'><strong>capita</strong></span> <span class='ocrx_word' id='word_1_26' title='bbox 1248 815 1283 881; x_wconf 90' lang='lat' dir='ltr'><strong>in</strong></span> <span class='ocrx_word' id='word_1_27' title='bbox 1299 817 1442 881; x_wconf 89' lang='lat' dir='ltr'><strong>Herma-</strong></span> 
     </span>
     <span class='ocr_line' id='line_1_5' title="bbox 319 921 1445 1004; baseline 0.002 -18"><span class='ocrx_word' id='word_1_28' title='bbox 319 942 418 1004; x_wconf 91' lang='lat' dir='ltr'><strong>gorae</strong></span> <span class='ocrx_word' id='word_1_29' title='bbox 452 924 524 986; x_wconf 85' lang='lat' dir='ltr'><strong>arte</strong></span> <span class='ocrx_word' id='word_1_30' title='bbox 558 922 698 987; x_wconf 86' lang='lat' dir='ltr'><strong>inventa</strong></span> <span class='ocrx_word' id='word_1_31' title='bbox 728 921 805 999; x_wconf 87' lang='lat' dir='ltr'><strong>sint,</strong></span> <span class='ocrx_word' id='word_1_32' title='bbox 838 922 897 987; x_wconf 87' lang='lat' dir='ltr'><strong>vix</strong></span> <span class='ocrx_word' id='word_1_33' title='bbox 920 925 973 987; x_wconf 86' lang='lat' dir='ltr'><strong>est</strong></span> <span class='ocrx_word' id='word_1_34' title='bbox 1002 921 1232 988; x_wconf 84' lang='lat' dir='ltr'><strong>dubitandum.</strong></span> <span class='ocrx_word' id='word_1_35' title='bbox 1278 923 1378 988; x_wconf 91' lang='lat' dir='ltr'><strong>Porro</strong></span> <span class='ocrx_word' id='word_1_36' title='bbox 1403 943 1445 988; x_wconf 91' lang='lat' dir='ltr'><strong>ea</strong></span> 
     </span>
     <span class='ocr_line' id='line_1_6' title="bbox 323 1027 1442 1116; baseline 0.003 -24"><span class='ocrx_word' id='word_1_37' title='bbox 323 1028 477 1113; x_wconf 80' lang='lat' dir='ltr'><strong>quaestio</strong></span> <span class='ocrx_word' id='word_1_38' title='bbox 501 1027 628 1110; x_wconf 77' lang='lat' dir='ltr'><strong>legalia,</strong></span> <span class='ocrx_word' id='word_1_39' title='bbox 653 1049 755 1113; x_wconf 84' lang='lat' dir='ltr'><strong>quam</strong></span> <span class='ocrx_word' id='word_1_40' title='bbox 777 1027 1000 1112; x_wconf 78' lang='lat' dir='ltr'>Hermagoras</span> <span class='ocrx_word' id='word_1_41' title='bbox 1024 1031 1231 1113; x_wconf 77' lang='grc' dir='ltr'><strong>συλλογισμὸν</strong></span> <span class='ocrx_word' id='word_1_42' title='bbox 1248 1029 1442 1116; x_wconf 80' lang='lat' dir='ltr'><strong>appellavit,</strong></span> 
     </span>
    </p>
   </div>
   <div class='ocr_carea' id='block_1_3' title="bbox 212 1134 1443 1229">
    <p class='ocr_par' dir='ltr' id='par_1_3' title="bbox 212 1134 1443 1229">
     <span class='ocr_line' id='line_1_7' title="bbox 212 1134 1443 1229; baseline 0.002 -30"><span class='ocrx_word' id='word_1_43' title='bbox 212 1217 219 1229; x_wconf 31' lang='grc' dir='ltr'><em>Ι</em></span> <span class='ocrx_word' id='word_1_44' title='bbox 323 1134 472 1200; x_wconf 91' lang='lat' dir='ltr'><strong>eiusdem</strong></span> <span class='ocrx_word' id='word_1_45' title='bbox 507 1134 651 1200; x_wconf 90' lang='lat' dir='ltr'><strong>nominis</strong></span> <span class='ocrx_word' id='word_1_46' title='bbox 689 1134 736 1200; x_wconf 92' lang='lat' dir='ltr'><strong>illi</strong></span> <span class='ocrx_word' id='word_1_47' title='bbox 774 1135 904 1200; x_wconf 89' lang='lat' dir='ltr'><strong>notioni</strong></span> <span class='ocrx_word' id='word_1_48' title='bbox 942 1135 986 1200; x_wconf 92' lang='lat' dir='ltr'><strong>ab</strong></span> <span class='ocrx_word' id='word_1_49' title='bbox 1022 1135 1200 1202; x_wconf 77' lang='lat' dir='ltr'><strong>Aristotele</strong></span> <span class='ocrx_word' id='word_1_50' title='bbox 1243 1137 1443 1202; x_wconf 77' lang='lat' dir='ltr'><strong>informatae</strong></span> 
     </span>
    </p>
   </div>
   <div class='ocr_carea' id='block_1_4' title="bbox 293 1238 1445 2398">
    <p class='ocr_par' dir='ltr' id='par_1_4' title="bbox 293 1238 1445 2398">
     <span class='ocr_line' id='line_1_8' title="bbox 293 1238 1444 1330; baseline 0.002 -24"><span class='ocrx_word' id='word_1_51' title='bbox 293 1238 508 1326; x_wconf 77' lang='lat' dir='ltr'><strong>&#39;respondet</strong></span> <span class='ocrx_word' id='word_1_52' title='bbox 557 1241 710 1328; x_wconf 87' lang='lat' dir='ltr'><strong>Namque</strong></span> <span class='ocrx_word' id='word_1_53' title='bbox 739 1264 781 1307; x_wconf 87' lang='lat' dir='ltr'><strong>ex</strong></span> <span class='ocrx_word' id='word_1_54' title='bbox 810 1241 990 1324; x_wconf 79' lang='lat' dir='ltr'><strong>Stagirites</strong></span> <span class='ocrx_word' id='word_1_55' title='bbox 1022 1245 1191 1309; x_wconf 81' lang='lat' dir='ltr'><strong>sententia</strong></span> <span class='ocrx_word' id='word_1_56' title='bbox 1214 1241 1444 1330; x_wconf 78' lang='lat' dir='ltr'><strong>syllogismum</strong></span> 
     </span>
     <span class='ocr_line' id='line_1_9' title="bbox 318 1346 1442 1437; baseline 0.003 -24"><span class='ocrx_word' id='word_1_57' title='bbox 318 1348 352 1413; x_wconf 91' lang='lat' dir='ltr'><strong>id</strong></span> <span class='ocrx_word' id='word_1_58' title='bbox 375 1346 497 1430; x_wconf 81' lang='lat' dir='ltr'><strong>valere,</strong></span> <span class='ocrx_word' id='word_1_59' title='bbox 523 1351 561 1414; x_wconf 90' lang='lat' dir='ltr'><strong>ut</strong></span> <span class='ocrx_word' id='word_1_60' title='bbox 584 1348 777 1433; x_wconf 78' lang='lat' dir='ltr'><strong>specialiora</strong></span> <span class='ocrx_word' id='word_1_61' title='bbox 802 1349 977 1415; x_wconf 89' lang='lat' dir='ltr'><strong>enuntiato</strong></span> <span class='ocrx_word' id='word_1_62' title='bbox 1002 1350 1198 1431; x_wconf 89' lang='lat' dir='ltr'><strong>generaliori</strong></span> <span class='ocrx_word' id='word_1_63' title='bbox 1222 1348 1442 1437; x_wconf 91' lang='lat' dir='ltr'><strong>supponendo</strong></span> 
     </span>
     <span class='ocr_line' id='line_1_10' title="bbox 318 1439 1444 1544; baseline 0.004 -25"><span class='ocrx_word' id='word_1_64' title='bbox 318 1439 460 1520; x_wconf 86' lang='lat' dir='ltr'><strong>tertium</strong></span> <span class='ocrx_word' id='word_1_65' title='bbox 490 1455 695 1538; x_wconf 80' lang='lat' dir='ltr'><strong>conficiatur,</strong></span> <span class='ocrx_word' id='word_1_66' title='bbox 730 1461 848 1522; x_wconf 84' lang='lat' dir='ltr'><strong>notum</strong></span> <span class='ocrx_word' id='word_1_67' title='bbox 884 1460 944 1538; x_wconf 84' lang='lat' dir='ltr'><strong>est,</strong></span> <span class='ocrx_word' id='word_1_68' title='bbox 986 1457 1169 1542; x_wconf 91' lang='lat' dir='ltr'><strong>eodemque</strong></span> <span class='ocrx_word' id='word_1_69' title='bbox 1209 1461 1341 1544; x_wconf 79' lang='lat' dir='ltr'><strong>spectat</strong></span> <span class='ocrx_word' id='word_1_70' title='bbox 1374 1458 1444 1524; x_wconf 89' lang='lat' dir='ltr'><strong>ista</strong></span> 
     </span>
     <span class='ocr_line' id='line_1_11' title="bbox 321 1561 1442 1650; baseline 0.002 -22"><span class='ocrx_word' id='word_1_71' title='bbox 321 1561 505 1648; x_wconf 80' lang='lat' dir='ltr'><strong>syllogismi</strong></span> <span class='ocrx_word' id='word_1_72' title='bbox 528 1561 679 1628; x_wconf 79' lang='lat' dir='ltr'><strong>definitio</strong></span> <span class='ocrx_word' id='word_1_73' title='bbox 709 1562 752 1627; x_wconf 92' lang='lat' dir='ltr'><strong>ab</strong></span> <span class='ocrx_word' id='word_1_74' title='bbox 781 1562 989 1645; x_wconf 83' lang='lat' dir='ltr'><strong>Hermogene</strong></span> <span class='ocrx_word' id='word_1_75' title='bbox 1017 1563 1143 1630; x_wconf 88' lang='lat' dir='ltr'><strong>tradita</strong></span> <span class='ocrx_word' id='word_1_76' title='bbox 1176 1563 1286 1650; x_wconf 82' lang='lat' dir='ltr'><strong>(Spss</strong></span> <span class='ocrx_word' id='word_1_77' title='bbox 1313 1566 1386 1646; x_wconf 83' lang='lat'>141,</span> <span class='ocrx_word' id='word_1_78' title='bbox 1400 1568 1442 1647; x_wconf 76' lang='lat'><strong>2),</strong></span> 
     </span>
     <span class='ocr_line' id='line_1_12' title="bbox 319 1668 1443 1756; baseline 0.002 -22"><span class='ocrx_word' id='word_1_79' title='bbox 319 1690 421 1755; x_wconf 91' lang='lat' dir='ltr'><strong>quam</strong></span> <span class='ocrx_word' id='word_1_80' title='bbox 436 1668 661 1752; x_wconf 86' lang='lat' dir='ltr'><strong>Hermagorae</strong></span> <span class='ocrx_word' id='word_1_81' title='bbox 686 1690 760 1734; x_wconf 91' lang='lat' dir='ltr'><strong>esse</strong></span> <span class='ocrx_word' id='word_1_82' title='bbox 785 1674 822 1735; x_wconf 84' lang='lat' dir='ltr'><strong>ut</strong></span> <span class='ocrx_word' id='word_1_83' title='bbox 846 1673 1038 1736; x_wconf 89' lang='lat' dir='ltr'><strong>accuratam</strong></span> <span class='ocrx_word' id='word_1_84' title='bbox 1063 1673 1097 1736; x_wconf 92' lang='lat' dir='ltr'><strong>et</strong></span> <span class='ocrx_word' id='word_1_85' title='bbox 1120 1669 1278 1756; x_wconf 91' lang='lat' dir='ltr'><strong>loquendi</strong></span> <span class='ocrx_word' id='word_1_86' title='bbox 1302 1693 1443 1738; x_wconf 89' lang='lat' dir='ltr'><strong>consue-</strong></span> 
     </span>
     <span class='ocr_line' id='line_1_13' title="bbox 319 1774 1442 1863; baseline 0.001 -22"><span class='ocrx_word' id='word_1_87' title='bbox 319 1775 427 1842; x_wconf 87' lang='lat' dir='ltr'><strong>tudini</strong></span> <span class='ocrx_word' id='word_1_88' title='bbox 450 1774 722 1862; x_wconf 89' lang='lat' dir='ltr'><strong>philosophorum</strong></span> <span class='ocrx_word' id='word_1_89' title='bbox 747 1777 1001 1843; x_wconf 86' lang='lat' dir='ltr'><strong>convenientem</strong></span> <span class='ocrx_word' id='word_1_90' title='bbox 1025 1777 1195 1863; x_wconf 87' lang='lat' dir='ltr'><strong>probabile</strong></span> <span class='ocrx_word' id='word_1_91' title='bbox 1220 1782 1289 1845; x_wconf 86' lang='lat' dir='ltr'><strong>est:</strong></span> <span class='ocrx_word' id='word_1_92' title='bbox 1318 1783 1379 1844; x_wconf 78' lang='grc' dir='ltr'><strong><em>ἔστι</em></strong></span> <span class='ocrx_word' id='word_1_93' title='bbox 1405 1831 1410 1842; x_wconf 95' lang='grc'><strong>.</strong></span> <span class='ocrx_word' id='word_1_94' title='bbox 1437 1829 1442 1842; x_wconf 88' lang='grc'><em>.</em></span> 
     </span>
     <span class='ocr_line' id='line_1_14' title="bbox 319 1883 1444 1968; baseline 0.003 -21"><span class='ocrx_word' id='word_1_95' title='bbox 319 1883 528 1966; x_wconf 79' lang='grc' dir='ltr'><strong>συλλογισμὸς</strong></span> <span class='ocrx_word' id='word_1_96' title='bbox 559 1884 708 1966; x_wconf 80' lang='grc' dir='ltr'><em>ἀγράφου</em></span> <span class='ocrx_word' id='word_1_97' title='bbox 739 1884 927 1967; x_wconf 80' lang='grc' dir='ltr'><strong>πράγματος</strong></span> <span class='ocrx_word' id='word_1_98' title='bbox 960 1885 1041 1966; x_wconf 85' lang='grc' dir='ltr'><strong><em>πρὸς</em></strong></span> <span class='ocrx_word' id='word_1_99' title='bbox 1072 1888 1233 1968; x_wconf 80' lang='grc' dir='ltr'><strong>ἔγγραφον</strong></span> <span class='ocrx_word' id='word_1_100' title='bbox 1266 1887 1444 1968; x_wconf 70' lang='grc' dir='ltr'><strong><em>παράθεσις</em></strong></span> 
     </span>
     <span class='ocr_line' id='line_1_15' title="bbox 320 1990 1445 2080; baseline 0.002 -25"><span class='ocrx_word' id='word_1_101' title='bbox 320 1994 364 2062; x_wconf 88' lang='grc' dir='ltr'><strong><em>εἰς</em></strong></span> <span class='ocrx_word' id='word_1_102' title='bbox 387 1991 500 2054; x_wconf 80' lang='grc' dir='ltr'><em>ταύτὸν</em></span> <span class='ocrx_word' id='word_1_103' title='bbox 524 1992 714 2072; x_wconf 84' lang='grc' dir='ltr'><strong>συνάγονιός</strong></span> <span class='ocrx_word' id='word_1_104' title='bbox 737 2016 819 2061; x_wconf 85' lang='grc' dir='ltr'><em>τινος</em></span> <span class='ocrx_word' id='word_1_105' title='bbox 848 1991 883 2054; x_wconf 84' lang='grc' dir='ltr'><strong>τὸ</strong></span> <span class='ocrx_word' id='word_1_106' title='bbox 907 1994 1054 2074; x_wconf 79' lang='grc' dir='ltr'><strong>ἄγραφον</strong></span> <span class='ocrx_word' id='word_1_107' title='bbox 1080 2002 1127 2075; x_wconf 77' lang='grc' dir='ltr'><strong>τῷ</strong></span> <span class='ocrx_word' id='word_1_108' title='bbox 1155 1994 1307 2076; x_wconf 80' lang='grc' dir='ltr'><strong><em>ἐγγράφῳ</em></strong></span> <span class='ocrx_word' id='word_1_109' title='bbox 1315 2019 1326 2070; x_wconf 85' lang='grc'><strong>,·</strong></span> <span class='ocrx_word' id='word_1_110' title='bbox 1336 1991 1360 2080; x_wconf 76' lang='grc'><strong>8)</strong></span> <span class='ocrx_word' id='word_1_111' title='bbox 1390 1990 1445 2058; x_wconf 87' lang='lat' dir='ltr'><strong>hio</strong></span> 
     </span>
     <span class='ocr_line' id='line_1_16' title="bbox 320 2095 1443 2184; baseline 0.001 -21"><span class='ocrx_word' id='word_1_112' title='bbox 320 2098 418 2180; x_wconf 81' lang='lat' dir='ltr'><strong>enim,</strong></span> <span class='ocrx_word' id='word_1_113' title='bbox 449 2118 524 2161; x_wconf 92' lang='lat' dir='ltr'><strong>cum</strong></span> <span class='ocrx_word' id='word_1_114' title='bbox 551 2095 618 2179; x_wconf 91' lang='lat' dir='ltr'><strong>legi</strong></span> <span class='ocrx_word' id='word_1_115' title='bbox 639 2096 771 2162; x_wconf 83' lang='lat' dir='ltr'><strong>facinus</strong></span> <span class='ocrx_word' id='word_1_116' title='bbox 796 2097 963 2182; x_wconf 86' lang='lat' dir='ltr'><strong>quoddam</strong></span> <span class='ocrx_word' id='word_1_117' title='bbox 991 2119 1032 2163; x_wconf 92' lang='lat' dir='ltr'><strong>ea</strong></span> <span class='ocrx_word' id='word_1_118' title='bbox 1054 2119 1122 2163; x_wconf 91' lang='lat' dir='ltr'><strong>non</strong></span> <span class='ocrx_word' id='word_1_119' title='bbox 1152 2104 1266 2184; x_wconf 86' lang='lat' dir='ltr'><strong>aperte</strong></span> <span class='ocrx_word' id='word_1_120' title='bbox 1296 2120 1443 2184; x_wconf 94' lang='lat' dir='ltr'><strong>compre-</strong></span> 
     </span>
     <span class='ocr_line' id='line_1_17' title="bbox 321 2203 1444 2290; baseline 0.001 -22"><span class='ocrx_word' id='word_1_121' title='bbox 321 2205 464 2269; x_wconf 91' lang='lat' dir='ltr'><strong>hensum</strong></span> <span class='ocrx_word' id='word_1_122' title='bbox 488 2203 659 2288; x_wconf 78' lang='lat' dir='ltr'><strong>subicitur,</strong></span> <span class='ocrx_word' id='word_1_123' title='bbox 684 2225 774 2269; x_wconf 88' lang='lat' dir='ltr'><strong>nova</strong></span> <span class='ocrx_word' id='word_1_124' title='bbox 798 2203 942 2270; x_wconf 89' lang='lat' dir='ltr'><strong>criminis</strong></span> <span class='ocrx_word' id='word_1_125' title='bbox 966 2205 1104 2290; x_wconf 77' lang='lat' dir='ltr'><strong>species,</strong></span> <span class='ocrx_word' id='word_1_126' title='bbox 1130 2226 1195 2290; x_wconf 93' lang='lat' dir='ltr'><strong>quo</strong></span> <span class='ocrx_word' id='word_1_127' title='bbox 1220 2205 1274 2271; x_wconf 88' lang='lat' dir='ltr'><strong>lex</strong></span> <span class='ocrx_word' id='word_1_128' title='bbox 1289 2205 1444 2287; x_wconf 90' lang='lat' dir='ltr'><strong>violatur,</strong></span> 
     </span>
     <span class='ocr_line' id='line_1_18' title="bbox 321 2309 1444 2398; baseline 0.001 -23"><span class='ocrx_word' id='word_1_129' title='bbox 321 2309 493 2393; x_wconf 83' lang='lat' dir='ltr'><strong>colligitur.</strong></span> <span class='ocrx_word' id='word_1_130' title='bbox 541 2309 635 2390; x_wconf 78' lang='lat' dir='ltr'><strong>Quod</strong></span> <span class='ocrx_word' id='word_1_131' title='bbox 666 2311 728 2376; x_wconf 92' lang='lat' dir='ltr'><strong>hoc</strong></span> <span class='ocrx_word' id='word_1_132' title='bbox 760 2310 912 2397; x_wconf 89' lang='lat' dir='ltr'><strong>exemplo</strong></span> <span class='ocrx_word' id='word_1_133' title='bbox 944 2310 1130 2377; x_wconf 87' lang='lat' dir='ltr'><strong>illustretur</strong></span> <span class='ocrx_word' id='word_1_134' title='bbox 1162 2311 1346 2379; x_wconf 88' lang='lat' dir='ltr'><strong>secundum</strong></span> <span class='ocrx_word' id='word_1_135' title='bbox 1376 2312 1444 2398; x_wconf 90' lang='lat' dir='ltr'><strong>pri-</strong></span> 
     </span>
    </p>
   </div>
   <div class='ocr_carea' id='block_1_5' title="bbox 214 2406 1443 2506">
    <p class='ocr_par' dir='ltr' id='par_1_5' title="bbox 214 2406 1443 2506">
     <span class='ocr_line' id='line_1_19' title="bbox 214 2406 1443 2506; baseline -0.002 -20"><span class='ocrx_word' id='word_1_136' title='bbox 214 2481 216 2486; x_wconf 90' lang='lat'><strong>.</strong></span> <span class='ocrx_word' id='word_1_137' title='bbox 320 2417 461 2482; x_wconf 87' lang='lat' dir='ltr'><strong>mariam</strong></span> <span class='ocrx_word' id='word_1_138' title='bbox 472 2417 612 2500; x_wconf 92' lang='lat' dir='ltr'><strong>figuram</strong></span> <span class='ocrx_word' id='word_1_139' title='bbox 624 2417 808 2505; x_wconf 84' lang='lat' dir='ltr'><strong>syllogismi</strong></span> <span class='ocrx_word' id='word_1_140' title='bbox 824 2419 1031 2484; x_wconf 83' lang='lat' dir='ltr'><strong>conformato</strong></span> <span class='ocrx_word' id='word_1_141' title='bbox 1045 2418 1168 2504; x_wconf 86' lang='lat' dir='ltr'><strong>(Herm.</strong></span> <span class='ocrx_word' id='word_1_142' title='bbox 1182 2406 1235 2506; x_wconf 85' lang='lat' dir='ltr'><strong>Sp.</strong></span> <span class='ocrx_word' id='word_1_143' title='bbox 1245 2420 1273 2484; x_wconf 96' lang='lat' dir='ltr'><strong>ll</strong></span> <span class='ocrx_word' id='word_1_144' title='bbox 1289 2421 1364 2502; x_wconf 84' lang='lat'><strong>171,</strong></span> <span class='ocrx_word' id='word_1_145' title='bbox 1374 2421 1443 2502; x_wconf 76' lang='lat'>28):</span> 
     </span>
    </p>
   </div>
   <div class='ocr_carea' id='block_1_6' title="bbox 322 2524 1445 2825">
    <p class='ocr_par' dir='ltr' id='par_1_6' title="bbox 322 2524 1445 2825">
     <span class='ocr_line' id='line_1_20' title="bbox 406 2524 1126 2609; baseline 0.001 -20"><span class='ocrx_word' id='word_1_146' title='bbox 406 2524 577 2607; x_wconf 83' lang='grc' dir='ltr'><strong>Ὀνομαστὶ</strong></span> <span class='ocrx_word' id='word_1_147' title='bbox 599 2527 771 2608; x_wconf 82' lang='grc' dir='ltr'><strong><em>κωμῳδεῖν</em></strong></span> <span class='ocrx_word' id='word_1_148' title='bbox 795 2527 813 2589; x_wconf 84' lang='grc' dir='ltr'><em>ὁ</em></span> <span class='ocrx_word' id='word_1_149' title='bbox 837 2528 937 2609; x_wconf 87' lang='grc' dir='ltr'><em>νόμος</em></span> <span class='ocrx_word' id='word_1_150' title='bbox 960 2529 1126 2592; x_wconf 82' lang='grc' dir='ltr'><em>ἐκώλυσεν.</em></span> 
     </span>
     <span class='ocr_line' id='line_1_21' title="bbox 322 2633 1445 2719; baseline 0.004 -25"><span class='ocrx_word' id='word_1_151' title='bbox 322 2711 327 2719; x_wconf 36' lang='grc' dir='ltr'>ι</span> <span class='ocrx_word' id='word_1_152' title='bbox 411 2633 453 2695; x_wconf 86' lang='grc' dir='ltr'><strong>Τὸ</strong></span> <span class='ocrx_word' id='word_1_153' title='bbox 478 2634 740 2715; x_wconf 80' lang='grc' dir='ltr'><strong>αὖτοπροσώπως</strong></span> <span class='ocrx_word' id='word_1_154' title='bbox 771 2636 903 2715; x_wconf 83' lang='grc' dir='ltr'><strong><em>εἰσάγειν</em></strong></span> <span class='ocrx_word' id='word_1_155' title='bbox 934 2634 1007 2704; x_wconf 82' lang='grc' dir='ltr'><em>τοὺς</em></span> <span class='ocrx_word' id='word_1_156' title='bbox 1034 2636 1320 2718; x_wconf 80' lang='grc' dir='ltr'><em>κωμῳδουμένους</em></span> <span class='ocrx_word' id='word_1_157' title='bbox 1350 2636 1445 2699; x_wconf 81' lang='grc' dir='ltr'><em>οὐδὲν</em></span> 
     </span>
     <span class='ocr_line' id='line_1_22' title="bbox 323 2740 1005 2825; baseline 0.006 -24"><span class='ocrx_word' id='word_1_158' title='bbox 323 2818 326 2825; x_wconf 71' lang='lat'><strong>.</strong></span> <span class='ocrx_word' id='word_1_159' title='bbox 410 2740 551 2821; x_wconf 81' lang='grc' dir='ltr'><strong><em>διαφέρει</em></strong></span> <span class='ocrx_word' id='word_1_160' title='bbox 572 2746 628 2801; x_wconf 86' lang='grc' dir='ltr'><strong>τοῦ</strong></span> <span class='ocrx_word' id='word_1_161' title='bbox 652 2740 802 2821; x_wconf 81' lang='grc' dir='ltr'><strong>ὀνομαστὶ</strong></span> <span class='ocrx_word' id='word_1_162' title='bbox 825 2742 1005 2823; x_wconf 81' lang='grc' dir='ltr'><em>κωμῳδεῖν.</em></span> 
     </span>
    </p>
   </div>
   <div class='ocr_carea' id='block_1_7' title="bbox 405 2846 1444 3035">
    <p class='ocr_par' dir='ltr' id='par_1_7' title="bbox 405 2846 1444 3035">
     <span class='ocr_line' id='line_1_23' title="bbox 405 2846 1444 2931; baseline 0.005 -23"><span class='ocrx_word' id='word_1_163' title='bbox 405 2846 491 2919; x_wconf 81' lang='grc' dir='ltr'><strong><em>Ὄόε,</em></strong></span> <span class='ocrx_word' id='word_1_164' title='bbox 528 2848 564 2916; x_wconf 86' lang='grc' dir='ltr'><strong>ὃς</strong></span> <span class='ocrx_word' id='word_1_165' title='bbox 598 2847 862 2927; x_wconf 80' lang='grc' dir='ltr'><strong>αὐτοπροσώπιος</strong></span> <span class='ocrx_word' id='word_1_166' title='bbox 896 2850 1010 2930; x_wconf 82' lang='grc' dir='ltr'><strong><em>εἰσάγει</em></strong></span> <span class='ocrx_word' id='word_1_167' title='bbox 1040 2849 1112 2919; x_wconf 84' lang='grc' dir='ltr'><em>τοὺς</em></span> <span class='ocrx_word' id='word_1_168' title='bbox 1150 2853 1444 2931; x_wconf 78' lang='grc' dir='ltr'><em>κωμῳδουμένους,</em></span> 
     </span>
     <span class='ocr_line' id='line_1_24' title="bbox 413 2953 1027 3035; baseline 0.003 -19"><span class='ocrx_word' id='word_1_169' title='bbox 413 2954 524 3034; x_wconf 80' lang='grc' dir='ltr'><strong><em>ἐκείνῳ</em></strong></span> <span class='ocrx_word' id='word_1_170' title='bbox 546 2959 593 3034; x_wconf 83' lang='grc' dir='ltr'><strong>τῷ</strong></span> <span class='ocrx_word' id='word_1_171' title='bbox 617 2953 709 3035; x_wconf 87' lang='grc' dir='ltr'><em>νόμῳ</em></span> <span class='ocrx_word' id='word_1_172' title='bbox 733 2955 915 3025; x_wconf 74' lang='grc' dir='ltr'><strong><em>ὑπεύθυνός</em></strong></span> <span class='ocrx_word' id='word_1_173' title='bbox 939 2957 1027 3018; x_wconf 82' lang='grc' dir='ltr'><strong><em>ἔστιν.</em></strong></span> 
     </span>
    </p>
   </div>
   <div class='ocr_carea' id='block_1_8' title="bbox 299 3111 1446 4251">
    <p class='ocr_par' dir='ltr' id='par_1_8' title="bbox 299 3111 653 3178">
     <span class='ocr_line' id='line_1_25' title="bbox 299 3111 653 3178; baseline 0.003 -14"><span class='ocrx_word' id='word_1_174' title='bbox 299 3137 300 3140; x_wconf 36' lang='lat'>¹</span> <span class='ocrx_word' id='word_1_175' title='bbox 413 3111 430 3178; x_wconf 78' lang='lat'><strong>¹)</strong></span> <span class='ocrx_word' id='word_1_176' title='bbox 450 3111 519 3166; x_wconf 84' lang='lat' dir='ltr'><strong>ibid.</strong></span> <span class='ocrx_word' id='word_1_177' title='bbox 541 3111 599 3175; x_wconf 81' lang='grc'>173,</span> <span class='ocrx_word' id='word_1_178' title='bbox 610 3111 653 3165; x_wconf 82' lang='grc'><strong>25.</strong></span> 
     </span>
    </p>

    <p class='ocr_par' dir='ltr' id='par_1_9' title="bbox 320 3199 1446 3698">
     <span class='ocr_line' id='line_1_26' title="bbox 412 3199 1443 3271; baseline 0.003 -18"><span class='ocrx_word' id='word_1_179' title='bbox 412 3199 431 3268; x_wconf 68' lang='lat' dir='ltr'><strong>q</strong></span> <span class='ocrx_word' id='word_1_180' title='bbox 450 3200 523 3256; x_wconf 83' lang='lat' dir='ltr'><strong>Plat.</strong></span> <span class='ocrx_word' id='word_1_181' title='bbox 542 3200 634 3254; x_wconf 90' lang='lat' dir='ltr'><strong>Parm.</strong></span> <span class='ocrx_word' id='word_1_182' title='bbox 653 3217 681 3270; x_wconf 88' lang='lat' dir='ltr'><strong>p.</strong></span> <span class='ocrx_word' id='word_1_183' title='bbox 696 3200 794 3266; x_wconf 83' lang='lat' dir='ltr'>145B;</span> <span class='ocrx_word' id='word_1_184' title='bbox 821 3201 898 3255; x_wconf 82' lang='lat' dir='ltr'><strong>Sext.</strong></span> <span class='ocrx_word' id='word_1_185' title='bbox 917 3201 996 3271; x_wconf 80' lang='lat' dir='ltr'><strong>Hmp.</strong></span> <span class='ocrx_word' id='word_1_186' title='bbox 1022 3202 1086 3256; x_wconf 89' lang='lat' dir='ltr'><strong>adv.</strong></span> <span class='ocrx_word' id='word_1_187' title='bbox 1105 3202 1193 3258; x_wconf 84' lang='lat' dir='ltr'><strong>math.</strong></span> <span class='ocrx_word' id='word_1_188' title='bbox 1213 3202 1336 3267; x_wconf 73' lang='lat' dir='ltr'><strong>Villae,</strong></span> <span class='ocrx_word' id='word_1_189' title='bbox 1355 3202 1381 3256; x_wconf 90' lang='grc' dir='ltr'>Χ</span> <span class='ocrx_word' id='word_1_190' title='bbox 1393 3202 1443 3268; x_wconf 84' lang='grc'><strong>95;</strong></span> 
     </span>
     <span class='ocr_line' id='line_1_27' title="bbox 321 3288 1444 3361; baseline 0.001 -18"><span class='ocrx_word' id='word_1_191' title='bbox 321 3288 410 3358; x_wconf 72' lang='lat' dir='ltr'><strong>[Plus]</strong></span> <span class='ocrx_word' id='word_1_192' title='bbox 430 3289 501 3358; x_wconf 90' lang='lat' dir='ltr'><strong>plac.</strong></span> <span class='ocrx_word' id='word_1_193' title='bbox 520 3290 588 3359; x_wconf 92' lang='lat' dir='ltr'><strong>phil.</strong></span> <span class='ocrx_word' id='word_1_194' title='bbox 607 3290 665 3344; x_wconf 83' lang='lat'><strong>121</strong></span> <span class='ocrx_word' id='word_1_195' title='bbox 685 3308 711 3360; x_wconf 90' lang='lat' dir='ltr'><strong>p.</strong></span> <span class='ocrx_word' id='word_1_196' title='bbox 725 3288 808 3343; x_wconf 89' lang='grc' dir='ltr'>884Β</span> <span class='ocrx_word' id='word_1_197' title='bbox 823 3289 918 3360; x_wconf 73' lang='lat' dir='ltr'><strong>(Diels</strong></span> <span class='ocrx_word' id='word_1_198' title='bbox 931 3291 1003 3344; x_wconf 89' lang='lat' dir='ltr'><strong>Dox.</strong></span> <span class='ocrx_word' id='word_1_199' title='bbox 1013 3291 1086 3360; x_wconf 83' lang='lat'><strong>318).</strong></span> <span class='ocrx_word' id='word_1_200' title='bbox 1112 3291 1183 3346; x_wconf 87' lang='lat' dir='ltr'><strong>Vide</strong></span> <span class='ocrx_word' id='word_1_201' title='bbox 1195 3295 1342 3361; x_wconf 86' lang='lat' dir='ltr'><strong>praeterea</strong></span> <span class='ocrx_word' id='word_1_202' title='bbox 1353 3307 1444 3344; x_wconf 89' lang='lat' dir='ltr'><strong>rerum</strong></span> 
     </span>
     <span class='ocr_line' id='line_1_28' title="bbox 320 3377 1444 3451; baseline 0.002 -21"><span class='ocrx_word' id='word_1_203' title='bbox 320 3377 439 3432; x_wconf 89' lang='lat' dir='ltr'><strong>indicem</strong></span> <span class='ocrx_word' id='word_1_204' title='bbox 457 3377 701 3433; x_wconf 89' lang='lat' dir='ltr'><strong>aWachsmuthio</strong></span> <span class='ocrx_word' id='word_1_205' title='bbox 718 3378 834 3432; x_wconf 90' lang='lat' dir='ltr'><strong>editioni</strong></span> <span class='ocrx_word' id='word_1_206' title='bbox 844 3378 957 3433; x_wconf 86' lang='lat' dir='ltr'><strong>Stobaei</strong></span> <span class='ocrx_word' id='word_1_207' title='bbox 968 3380 1055 3449; x_wconf 84' lang='lat' dir='ltr'><strong>eclog.</strong></span> <span class='ocrx_word' id='word_1_208' title='bbox 1067 3381 1194 3434; x_wconf 86' lang='lat' dir='ltr'><strong>additum</strong></span> <span class='ocrx_word' id='word_1_209' title='bbox 1205 3397 1225 3434; x_wconf 90' lang='lat' dir='ltr'><strong>s.</strong></span> <span class='ocrx_word' id='word_1_210' title='bbox 1236 3399 1262 3434; x_wconf 86' lang='lat' dir='ltr'><strong>v.</strong></span> <span class='ocrx_word' id='word_1_211' title='bbox 1271 3382 1444 3451; x_wconf 74' lang='grc' dir='ltr'><strong>περιέχοντος.</strong></span> 
     </span>
     <span class='ocr_line' id='line_1_29' title="bbox 320 3465 1446 3540; baseline 0.005 -23"><span class='ocrx_word' id='word_1_212' title='bbox 320 3466 370 3520; x_wconf 91' lang='lat' dir='ltr'><strong>Vis</strong></span> <span class='ocrx_word' id='word_1_213' title='bbox 395 3465 487 3535; x_wconf 89' lang='lat' dir='ltr'><strong>logica</strong></span> <span class='ocrx_word' id='word_1_214' title='bbox 509 3467 649 3522; x_wconf 89' lang='lat' dir='ltr'><strong>vocabulo</strong></span> <span class='ocrx_word' id='word_1_215' title='bbox 675 3467 805 3522; x_wconf 86' lang='lat' dir='ltr'><strong>subiecta</strong></span> <span class='ocrx_word' id='word_1_216' title='bbox 831 3471 875 3521; x_wconf 88' lang='lat' dir='ltr'><strong>est</strong></span> <span class='ocrx_word' id='word_1_217' title='bbox 900 3468 944 3522; x_wconf 90' lang='lat' dir='ltr'><strong>his</strong></span> <span class='ocrx_word' id='word_1_218' title='bbox 968 3469 1046 3522; x_wconf 89' lang='lat' dir='ltr'><strong>locis:</strong></span> <span class='ocrx_word' id='word_1_219' title='bbox 1072 3469 1191 3524; x_wconf 84' lang='lat' dir='ltr'><strong>Aristot.</strong></span> <span class='ocrx_word' id='word_1_220' title='bbox 1217 3469 1342 3540; x_wconf 87' lang='lat' dir='ltr'><strong>metaph.</strong></span> <span class='ocrx_word' id='word_1_221' title='bbox 1367 3471 1393 3520; x_wconf 83' lang='lat' dir='ltr'><em>A</em></span> <span class='ocrx_word' id='word_1_222' title='bbox 1409 3469 1446 3523; x_wconf 86' lang='grc'><strong>26</strong></span> 
     </span>
     <span class='ocr_line' id='line_1_30' title="bbox 320 3553 1444 3628; baseline 0.003 -20"><span class='ocrx_word' id='word_1_223' title='bbox 320 3569 349 3625; x_wconf 91' lang='lat' dir='ltr'><strong>p.</strong></span> <span class='ocrx_word' id='word_1_224' title='bbox 364 3553 433 3608; x_wconf 85' lang='grc'>1023</span> <span class='ocrx_word' id='word_1_225' title='bbox 441 3557 466 3621; x_wconf 89' lang='lat' dir='ltr'><strong>b,</strong></span> <span class='ocrx_word' id='word_1_226' title='bbox 477 3555 524 3622; x_wconf 88' lang='grc'><strong>30;</strong></span> <span class='ocrx_word' id='word_1_227' title='bbox 546 3555 618 3610; x_wconf 80' lang='lat' dir='ltr'><strong>rhet.</strong></span> <span class='ocrx_word' id='word_1_228' title='bbox 637 3559 659 3608; x_wconf 95' lang='lat' dir='ltr'><em>I</em></span> <span class='ocrx_word' id='word_1_229' title='bbox 671 3558 688 3611; x_wconf 84' lang='lat'>5</span> <span class='ocrx_word' id='word_1_230' title='bbox 706 3573 732 3626; x_wconf 93' lang='lat' dir='ltr'><strong>p.</strong></span> <span class='ocrx_word' id='word_1_231' title='bbox 747 3555 817 3610; x_wconf 80' lang='lat'>1407</span> <span class='ocrx_word' id='word_1_232' title='bbox 825 3574 851 3623; x_wconf 87' lang='lat' dir='ltr'><strong>a,</strong></span> <span class='ocrx_word' id='word_1_233' title='bbox 864 3557 899 3611; x_wconf 83' lang='lat'><strong>32</strong></span> <span class='ocrx_word' id='word_1_234' title='bbox 919 3556 953 3626; x_wconf 79' lang='lat' dir='ltr'><strong>(v.</strong></span> <span class='ocrx_word' id='word_1_235' title='bbox 967 3558 1089 3612; x_wconf 88' lang='lat' dir='ltr'><strong>Bonitzii</strong></span> <span class='ocrx_word' id='word_1_236' title='bbox 1108 3557 1191 3613; x_wconf 90' lang='lat' dir='ltr'><strong>indic.</strong></span> <span class='ocrx_word' id='word_1_237' title='bbox 1211 3575 1233 3613; x_wconf 92' lang='lat' dir='ltr'><strong>s.</strong></span> <span class='ocrx_word' id='word_1_238' title='bbox 1247 3558 1274 3612; x_wconf 93' lang='lat' dir='ltr'><strong>h.</strong></span> <span class='ocrx_word' id='word_1_239' title='bbox 1294 3559 1343 3628; x_wconf 79' lang='lat' dir='ltr'><strong>v.);</strong></span> <span class='ocrx_word' id='word_1_240' title='bbox 1361 3557 1444 3628; x_wconf 91' lang='lat' dir='ltr'><strong>Diog.</strong></span> 
     </span>
     <span class='ocr_line' id='line_1_31' title="bbox 323 3643 478 3698; baseline 0 0"><span class='ocrx_word' id='word_1_241' title='bbox 323 3645 354 3698; x_wconf 90' lang='lat' dir='ltr'><strong>L.</strong></span> <span class='ocrx_word' id='word_1_242' title='bbox 373 3643 478 3698; x_wconf 77' lang='lat' dir='ltr'><strong>Vllssl.</strong></span> 
     </span>
    </p>

    <p class='ocr_par' dir='ltr' id='par_1_10' title="bbox 321 3733 1445 4251">
     <span class='ocr_line' id='line_1_32' title="bbox 411 3733 1445 3808; baseline 0.002 -20"><span class='ocrx_word' id='word_1_243' title='bbox 411 3733 492 3803; x_wconf 67' lang='lat'><strong>³101.</strong></span> <span class='ocrx_word' id='word_1_244' title='bbox 519 3734 572 3788; x_wconf 90' lang='lat' dir='ltr'><strong>has</strong></span> <span class='ocrx_word' id='word_1_245' title='bbox 599 3734 778 3789; x_wconf 87' lang='lat' dir='ltr'><strong>definitiones</strong></span> <span class='ocrx_word' id='word_1_246' title='bbox 804 3735 927 3790; x_wconf 89' lang='lat' dir='ltr'><strong>auctoris</strong></span> <span class='ocrx_word' id='word_1_247' title='bbox 952 3736 988 3789; x_wconf 89' lang='lat' dir='ltr'><strong>ad</strong></span> <span class='ocrx_word' id='word_1_248' title='bbox 1012 3735 1075 3790; x_wconf 90' lang='lat' dir='ltr'><strong>Her.</strong></span> <span class='ocrx_word' id='word_1_249' title='bbox 1100 3737 1122 3808; x_wconf 17' lang='lat' dir='ltr'><strong>*ll</strong></span> <span class='ocrx_word' id='word_1_250' title='bbox 1142 3737 1183 3801; x_wconf 86' lang='lat'><strong>13,</strong></span> <span class='ocrx_word' id='word_1_251' title='bbox 1195 3736 1252 3807; x_wconf 63' lang='lat'>231:</span> <span class='ocrx_word' id='word_1_252' title='bbox 1280 3737 1337 3790; x_wconf 76' lang='lat' dir='ltr'><strong>&gt;lix</strong></span> <span class='ocrx_word' id='word_1_253' title='bbox 1358 3736 1445 3790; x_wconf 87' lang='lat' dir='ltr'><strong>ratio-</strong></span> 
     </span>
     <span class='ocr_line' id='line_1_33' title="bbox 321 3823 1444 3895; baseline 0 -17"><span class='ocrx_word' id='word_1_254' title='bbox 321 3823 463 3878; x_wconf 89' lang='lat' dir='ltr'><strong>cinatione</strong></span> <span class='ocrx_word' id='word_1_255' title='bbox 488 3823 682 3878; x_wconf 86' lang='lat' dir='ltr'><strong>controversia</strong></span> <span class='ocrx_word' id='word_1_256' title='bbox 706 3828 829 3891; x_wconf 86' lang='lat' dir='ltr'><strong>constat,</strong></span> <span class='ocrx_word' id='word_1_257' title='bbox 855 3842 918 3880; x_wconf 91' lang='lat' dir='ltr'><strong>cum</strong></span> <span class='ocrx_word' id='word_1_258' title='bbox 942 3841 986 3878; x_wconf 87' lang='lat' dir='ltr'><strong>res</strong></span> <span class='ocrx_word' id='word_1_259' title='bbox 1010 3825 1070 3878; x_wconf 89' lang='lat' dir='ltr'><strong>sine</strong></span> <span class='ocrx_word' id='word_1_260' title='bbox 1096 3825 1208 3895; x_wconf 90' lang='lat' dir='ltr'><strong>propria</strong></span> <span class='ocrx_word' id='word_1_261' title='bbox 1232 3825 1294 3894; x_wconf 89' lang='lat' dir='ltr'><strong>lege</strong></span> <span class='ocrx_word' id='word_1_262' title='bbox 1319 3825 1444 3879; x_wconf 88' lang='lat' dir='ltr'><strong>venitin</strong></span> 
     </span>
     <span class='ocr_line' id='line_1_34' title="bbox 321 3911 1443 3985; baseline 0.003 -20"><span class='ocrx_word' id='word_1_263' title='bbox 321 3911 462 3978; x_wconf 72' lang='lat' dir='ltr'><strong>iudicium,</strong></span> <span class='ocrx_word' id='word_1_264' title='bbox 485 3929 558 3983; x_wconf 89' lang='lat' dir='ltr'><strong>quae</strong></span> <span class='ocrx_word' id='word_1_265' title='bbox 576 3914 674 3966; x_wconf 83' lang='lat' dir='ltr'><strong>tamen</strong></span> <span class='ocrx_word' id='word_1_266' title='bbox 687 3913 723 3967; x_wconf 89' lang='lat' dir='ltr'><strong>ab</strong></span> <span class='ocrx_word' id='word_1_267' title='bbox 736 3913 797 3967; x_wconf 90' lang='lat' dir='ltr'><strong>aliis</strong></span> <span class='ocrx_word' id='word_1_268' title='bbox 810 3914 918 3982; x_wconf 90' lang='lat' dir='ltr'><strong>legibus</strong></span> <span class='ocrx_word' id='word_1_269' title='bbox 931 3913 1112 3968; x_wconf 84' lang='lat' dir='ltr'><strong>similitudine</strong></span> <span class='ocrx_word' id='word_1_270' title='bbox 1127 3914 1247 3985; x_wconf 88' lang='lat' dir='ltr'><strong>quadam</strong></span> <span class='ocrx_word' id='word_1_271' title='bbox 1262 3917 1443 3984; x_wconf 65' lang='lat' dir='ltr'><strong>occupatum</strong></span> 
     </span>
     <span class='ocr_line' id='line_1_35' title="bbox 321 4001 1445 4071; baseline 0.002 -16"><span class='ocrx_word' id='word_1_272' title='bbox 321 4005 350 4055; x_wconf 90' lang='lat' dir='ltr'><strong>et</strong></span> <span class='ocrx_word' id='word_1_273' title='bbox 369 4001 509 4054; x_wconf 81' lang='lat' dir='ltr'><strong>Ciceronis</strong></span> <span class='ocrx_word' id='word_1_274' title='bbox 535 4001 579 4069; x_wconf 89' lang='lat' dir='ltr'><strong>(de</strong></span> <span class='ocrx_word' id='word_1_275' title='bbox 597 4001 653 4054; x_wconf 84' lang='lat' dir='ltr'><strong>inv.</strong></span> <span class='ocrx_word' id='word_1_276' title='bbox 673 4001 752 4066; x_wconf 80' lang='lat'>1150,</span> <span class='ocrx_word' id='word_1_277' title='bbox 768 4003 841 4071; x_wconf 68' lang='lat' dir='ltr'><strong>roal:</strong></span> <span class='ocrx_word' id='word_1_278' title='bbox 871 4002 927 4056; x_wconf 80' lang='lat' dir='ltr'><strong>&gt;Hx</strong></span> <span class='ocrx_word' id='word_1_279' title='bbox 951 4003 1169 4057; x_wconf 83' lang='lat' dir='ltr'><strong>ratiocinatione</strong></span> <span class='ocrx_word' id='word_1_280' title='bbox 1188 4003 1314 4057; x_wconf 84' lang='lat' dir='ltr'><strong>nascitur</strong></span> <span class='ocrx_word' id='word_1_281' title='bbox 1333 4005 1445 4058; x_wconf 84' lang='lat' dir='ltr'><strong>contro-</strong></span> 
     </span>
     <span class='ocr_line' id='line_1_36' title="bbox 322 4091 1445 4163; baseline 0.005 -22"><span class='ocrx_word' id='word_1_282' title='bbox 322 4091 423 4153; x_wconf 83' lang='lat' dir='ltr'><strong>versia,</strong></span> <span class='ocrx_word' id='word_1_283' title='bbox 444 4106 507 4144; x_wconf 92' lang='lat' dir='ltr'><strong>cum</strong></span> <span class='ocrx_word' id='word_1_284' title='bbox 527 4105 561 4143; x_wconf 88' lang='lat' dir='ltr'><strong>cx</strong></span> <span class='ocrx_word' id='word_1_285' title='bbox 580 4107 622 4155; x_wconf 83' lang='lat' dir='ltr'><strong>eo,</strong></span> <span class='ocrx_word' id='word_1_286' title='bbox 643 4091 719 4160; x_wconf 93' lang='lat' dir='ltr'><strong>quod</strong></span> <span class='ocrx_word' id='word_1_287' title='bbox 738 4091 846 4162; x_wconf 89' lang='lat' dir='ltr'><strong>uspiam</strong></span> <span class='ocrx_word' id='word_1_288' title='bbox 860 4097 918 4156; x_wconf 71' lang='lat' dir='ltr'><strong>vest,</strong></span> <span class='ocrx_word' id='word_1_289' title='bbox 945 4092 981 4145; x_wconf 92' lang='lat' dir='ltr'><strong>ad</strong></span> <span class='ocrx_word' id='word_1_290' title='bbox 1000 4092 1036 4157; x_wconf 92' lang='lat' dir='ltr'><strong>id,</strong></span> <span class='ocrx_word' id='word_1_291' title='bbox 1058 4092 1133 4162; x_wconf 94' lang='lat' dir='ltr'><strong>quod</strong></span> <span class='ocrx_word' id='word_1_292' title='bbox 1152 4109 1290 4163; x_wconf 87' lang='lat' dir='ltr'><strong>nusquam</strong></span> <span class='ocrx_word' id='word_1_293' title='bbox 1309 4093 1445 4162; x_wconf 87' lang='lat' dir='ltr'><strong>scriptum</strong></span> 
     </span>
     <span class='ocr_line' id='line_1_37' title="bbox 322 4178 1445 4251; baseline 0.002 -19"><span class='ocrx_word' id='word_1_294' title='bbox 322 4182 375 4244; x_wconf 85' lang='lat' dir='ltr'><strong>est,</strong></span> <span class='ocrx_word' id='word_1_295' title='bbox 394 4178 541 4244; x_wconf 66' lang='lat' dir='ltr'><strong>venitus«,</strong></span> <span class='ocrx_word' id='word_1_296' title='bbox 557 4194 626 4250; x_wconf 90' lang='lat' dir='ltr'><strong>quas</strong></span> <span class='ocrx_word' id='word_1_297' title='bbox 640 4179 676 4233; x_wconf 95' lang='lat' dir='ltr'><strong>ob</strong></span> <span class='ocrx_word' id='word_1_298' title='bbox 690 4197 804 4234; x_wconf 88' lang='lat' dir='ltr'><strong>causam</strong></span> <span class='ocrx_word' id='word_1_299' title='bbox 818 4197 903 4251; x_wconf 89' lang='lat' dir='ltr'><strong>supra</strong></span> <span class='ocrx_word' id='word_1_300' title='bbox 915 4182 1056 4251; x_wconf 86' lang='lat' dir='ltr'><strong>prolatam</strong></span> <span class='ocrx_word' id='word_1_301' title='bbox 1068 4181 1251 4250; x_wconf 87' lang='lat' dir='ltr'><strong>Hermogenis</strong></span> <span class='ocrx_word' id='word_1_302' title='bbox 1264 4181 1445 4251; x_wconf 84' lang='lat' dir='ltr'><strong>explicationi</strong></span> 
     </span>
    </p>
   </div>
   <div class='ocr_carea' id='block_1_9' title="bbox 214 4267 722 4338">
    <p class='ocr_par' dir='ltr' id='par_1_11' title="bbox 214 4267 722 4338">
     <span class='ocr_line' id='line_1_38' title="bbox 214 4267 722 4338; baseline 0.006 -19"><span class='ocrx_word' id='word_1_303' title='bbox 214 4276 218 4287; x_wconf 92' lang='grc'>·</span> <span class='ocrx_word' id='word_1_304' title='bbox 320 4267 533 4338; x_wconf 84' lang='lat' dir='ltr'><strong>posthabendas</strong></span> <span class='ocrx_word' id='word_1_305' title='bbox 552 4285 615 4323; x_wconf 91' lang='lat' dir='ltr'><strong>esse</strong></span> <span class='ocrx_word' id='word_1_306' title='bbox 632 4271 722 4338; x_wconf 89' lang='lat' dir='ltr'><strong>patet.</strong></span> 
     </span>
    </p>
   </div>
   <div class='ocr_carea' id='block_1_10' title="bbox 0 0 1616 5044">
    <p class='ocr_par' dir='ltr' id='par_1_12' title="bbox 0 0 1616 5044">
     <span class='ocr_line' id='line_1_39' title="bbox 0 0 1616 5044; baseline 0 0"><span class='ocrx_word' id='word_1_307' title='bbox 0 0 1616 5044; x_wconf 95' lang='lat' dir='ltr'><strong> </strong></span> 
     </span>
    </p>
   </div>
  </div>
 </body>
</html>
