3224 5044
764 423 986 489 ..58-

404 601 569 682 Quoniam
589 600 828 685 Hermagoram
847 599 977 668 Stoicos
1002 604 1155 667 secutum
1178 601 1377 667 rhetoricam
1399 606 1439 668 ut

315 711 518 794 στοχαστικὴν
540 713 651 794 τέχνην
662 708 689 794 1)
720 707 806 774 tueri
836 707 1005 774 studuisse
1031 707 1248 791 ostendimus,
1274 709 1369 774 simu]
1395 708 1437 775 ad

314 815 402 881 hano
435 815 684 902 quaestionem,
725 814 778 881 cui
809 815 922 897 generi
960 815 1125 900 proximo,
1164 813 1253 901 quod
1287 818 1437 898 vocatur,

314 923 486 988 notionem
516 921 663 986 muneris
695 921 831 987 oratorii
854 921 1039 1005 subiecerit,
1070 941 1268 1007 responsum
1290 921 1438 988 tulimus

315 1030 431 1115 Neque
456 1029 544 1094 enim
568 1029 610 1094 ob
634 1027 726 1094 illam
748 1049 819 1093 rem
841 1028 986 1094 dubitari
1003 1031 1125 1114 potest,
1143 1030 1223 1114 quin
1239 1029 1440 1096 rhetoricam

316 1140 433 1220 artem,
462 1155 530 1200 non
554 1135 738 1217 scientiam,
771 1135 834 1200 etsi
853 1135 1045 1201 huiusmodi
1062 1136 1213 1221 speciem,
1229 1139 1269 1201 ut
1284 1135 1438 1220 vidimus,

316 1242 352 1307 in
376 1241 527 1307 doctrina
547 1263 609 1307 sua
624 1263 704 1328 prae
721 1263 757 1307 se
772 1241 847 1324 fert,
868 1242 984 1307 haberi
1000 1242 1153 1326 voluerit,
1171 1241 1440 1328 quandoquidem

316 1349 396 1414 finis
419 1349 565 1414 incertus
589 1348 745 1414 abhorret
769 1371 789 1415 a
813 1347 1007 1415 definitione
1025 1348 1137 1414 Stoica
1153 1349 1312 1416 scientiae
1337 1348 1438 1430 (Stob.

316 1455 408 1522 anth.
432 1476 462 1521 V.
485 1455 515 1522 II
537 1477 566 1541 p.
593 1455 800 1540 73‚19W.):
824 1457 920 1521 Εἶναι
944 1458 1046 1540 ..τὴν
1069 1459 1240 1540 ἐπιστήμην
1263 1458 1439 1540 κατάληψιν

315 1565 445 1647 ἀσφαλῆ
460 1566 514 1628 καὶ
530 1565 753 1646 ἀμετάπτωτον
768 1564 832 1627 ὑπὸ
844 1562 980 1647 λύματ’)
1004 1564 1114 1648 Atque
1130 1583 1236 1646 genus
1251 1563 1439 1647 proximum

317 1671 486 1753 δυνάμεως
494 1670 678 1735 secundum
686 1669 774 1734 hanc
782 1668 1438 1756 explicationemStoicorumffitobanm

316 1799 348 1842 v.
358 1777 386 1841 II
401 1799 432 1862 p.
441 1777 493 1858 62,
507 1775 630 1864 l7W.):
648 1776 937 1863 ἄιιαςιοοορετὰς)
948 1828 953 1840 .
965 1778 1170 1860 ,ἐπιγίνεσθαι
1181 1779 1313 1851 ταύταις,
1326 1779 1386 1840 οὐκ
1398 1779 1440 1842 ἔτι

315 1889 425 1968 τέχνας
448 1887 554 1957 οὔσας,
579 1885 655 1948 ἀλλὰ
679 1885 828 1966 δυνάμεις
847 1885 938 1958 τινός,
960 1886 995 1948 ἐκ
1010 1892 1065 1967 τῆς
1081 1886 1248 1968 ἀσκήσεως
1262 1909 1437 1967 περιγιγνο-

316 1995 423 2075 μένας,
452 1993 519 2055 οἷον
536 1992 597 2072 τὴν
620 1993 736 2073 ὑγίειαν
758 1999 813 2074 τῆς
835 1999 944 2074 ψυχῆς
966 1992 1019 2054 καὶ
1042 1992 1098 2074 τὴν
1121 1991 1283 2074 ἀρτιότητα
1307 1992 1361 2056 καὶ
1383 1992 1438 2075 τὴν

318 2099 406 2181 ἰσχὺν
430 2100 525 2181 αὐτῆς
549 2099 602 2160 καὶ
625 2098 660 2160 τὸ
683 2098 797 2168 κάλλος
808 2096 833 2182 ⁸)
858 2095 989 2162 excludi
1006 2118 1047 2162 ex
1063 2118 1102 2162 eo
1118 2095 1332 2182 intellegitur,
1350 2097 1439 2183 quod

316 2203 503 2270 rhetoribus
535 2203 716 2268 adversarii
746 2207 853 2289 τριβῇ,
892 2225 979 2289 quae
1010 2225 1078 2269 vox
1108 2203 1197 2269 idem
1234 2203 1304 2270 fere
1335 2208 1437 2291 atque

319 2315 449 2395 ἄσκησις
472 2308 574 2392 valet,
606 2331 729 2375 munus
758 2310 874 2375 orandi
898 2311 1061 2376 contineri
1085 2311 1284 2394 obiciebant,
1309 2312 1439 2377 utiam

319 2437 419 2504 supra
458 2417 721 2482 commemoravi.
778 2417 896 2502 Itaque
930 2417 1148 2500 Hermogenis
1183 2417 1440 2483 scholiastarum

317 2524 382 2590 hoo
408 2523 654 2590 testimonium:
688 2527 719 2589 οῖ
749 2575 755 2588 .
781 2575 786 2587 .
818 2525 889 2606 περὶ
916 2525 1119 2608 Ἑρμαγόραν
1154 2527 1287 2608 δύναμιν
1314 2533 1373 2590 ταῦ
1404 2524 1438 2590 εὗ

260 2646 262 2650 ’
318 2635 415 2716 λέγειν
438 2629 494 2718 (su.
517 2632 573 2715 τὴν
597 2632 767 2716 ῥητορικὴν
789 2631 985 2718 audomarii)
1009 2630 1252 2716 repudiandum
1276 2634 1335 2698 est

410 2738 438 2802 2.
464 2737 650 2804 Stoicorum
674 2736 843 2802 doctrinae
859 2738 1039 2820 vestigium
1061 2739 1096 2803 in
1120 2759 1158 2804 eo
1179 2759 1311 2824 quoque
1334 2739 1439 2804 cerni-

318 2849 383 2926 tur,
408 2844 496 2929 quod
519 2843 752 2928 Hermagoras,
778 2864 853 2909 cum
876 2844 1075 2910 Aristoteles
1098 2845 1298 2910 rhetoricam
1320 2865 1438 2931 quam·

318 2952 371 3016 vis
403 2951 563 3017 scientiae
595 2951 681 3017 civili
713 2955 892 3034 cognatam
920 2952 1023 3016 'rebus
1060 2973 1128 3017 non
1160 2951 1335 3017 definitam
1366 2973 1439 3017 esse
1465 2935 1470 2946 ⁸

319 3057 476 3141 docuerit,
500 3057 699 3145 peculiarem
719 3061 895 3124 materiam
920 3059 950 3124 ei
973 3059 1115 3125 subiecit
1131 3057 1327 3144 quaestione
1352 3057 1439 3123 civili

412 3273 431 3340 ¹)
452 3273 494 3327 cf.
514 3273 595 3326 Corn.
614 3275 666 3326 art.
686 3273 757 3327 rhet.
778 3272 844 3342 epit.
864 3289 890 3341 p.
903 3271 973 3338 7,15
993 3273 1038 3326 Gr.

409 3363 428 3430 ²)
448 3361 490 3416 Of.
510 3361 591 3430 Diog.
609 3363 640 3416 L.
653 3362 764 3427 V1147;
786 3361 847 3415 Gal.
868 3378 913 3431 op.
933 3379 951 3415 a
969 3361 1100 3415 Kuehnio
1120 3361 1163 3416 ed.
1176 3363 1244 3414 tom.
1258 3361 1322 3415 XIV
1333 3378 1359 3432 p.
1371 3361 1438 3429 6843

319 3453 396 3506 Sext.
415 3451 495 3521 Hmp.
515 3450 578 3506 adv.
598 3450 689 3504 math.
708 3450 831 3504 V11224.
858 3450 953 3518 (Stoic.
977 3453 1034 3504 vet.
1058 3450 1158 3519 fragm.
1178 3451 1214 3504 ab
1232 3450 1357 3504 Arnimio
1376 3450 1438 3506 coll.

318 3541 374 3596 vol.
394 3540 419 3595 ΙΙ
442 3557 469 3610 p.
485 3540 520 3594 29
531 3542 599 3611 sqq.)
642 3541 684 3594 De
708 3539 870 3593 differentia
895 3540 1032 3594 scientiae
1056 3542 1085 3592 et
1110 3540 1179 3594 artis
1204 3539 1270 3594 vide
1294 3542 1440 3609 praeterea

320 3631 401 3687 Corn.
428 3632 481 3684 art.
507 3630 579 3683 rhet.
600 3629 665 3699 epit.
684 3645 711 3698 p.
722 3630 747 3692 7,
759 3628 792 3682 17
806 3629 865 3683 Gn:
890 3625 1009 3698 διαφέρει
1032 3624 1060 3679 δὲ
1084 3627 1101 3692 ἢ
1124 3625 1255 3694 ἐπιστήμη
1276 3631 1322 3694 τῆς
1343 3629 1439 3694 τέχνης,

319 3720 390 3772 καθὸ
414 3717 431 3786 ἡ
455 3718 506 3788 μὲν
529 3715 705 3771 &decorabitur
729 3717 784 3769 ἐστὶ
808 3716 990 3788 θεωρημάτων
1014 3721 1059 3768 καὶ
1076 3718 1142 3785 μίαν
1161 3715 1272 3783 ἐχόντων
1288 3717 1337 3783 τὴν
1355 3715 1438 3786 φόοιν,

318 3808 396 3876 τέχνη
415 3806 443 3861 δὲ
463 3808 533 3878 [ἀπὸ]
553 3805 713 3875 κινουμένων
734 3811 780 3858 καὶ
798 3803 892 3859 ἄλλοτε
909 3804 990 3873 ἄλλην
1009 3803 1250 3876 ἀναλαμβανόντων
1268 3805 1352 3874 φόνον.
1390 3806 1440 3872 Ch,

320 3915 392 3970 qnae
410 3899 445 3953 de
463 3898 617 3952 schematis
636 3898 673 3951 ab
692 3896 865 3966 Hermagora
884 3896 1024 3950 distinctis
1042 3914 1068 3966 p.
1082 3896 1117 3950 34
1136 3897 1261 3967 exposui.

361 4052 363 4058 Ι
409 3989 427 4056 ³)
447 3988 489 4041 Of.
509 3989 575 4042 Luc.
595 3988 711 4057 parasii.
723 3986 741 4058 ξ
755 3987 821 4040 845;
841 3989 896 4037 Καὶ
913 3985 967 4053 μὴν
985 3983 1044 4038 obde
1061 3983 1180 4038 τοιοῦτόν
1197 3986 1226 4037 τί
1242 3983 1440 4057 ἐστινῆπαρα-

321 4074 412 4141 αιτιιιη,
438 4075 531 4127 ὁποῖον
553 4075 585 4127 τὸ
607 4072 702 4131 κάλλος
724 4079 769 4126 καὶ
793 4073 809 4140 ἡ
829 4073 903 4140 ἰσχύς,
930 4073 996 4127 ὥστε
1014 4074 1107 4142 τέχνην
1124 4074 1174 4143 μὲν
1191 4075 1228 4144 μὴ
1248 4071 1333 4128 δοκεῖν
1351 4073 1439 4142 obedo,

321 4162 431 4232 δύναμιν
449 4161 475 4216 dc'
496 4183 557 4216 τινα
574 4163 705 4230 τοιαύτην.

409 4254 428 4324 η
447 4253 493 4307 w.
511 4254 537 4306 v
550 4253 592 4318 ιο,
607 4253 640 4308 ιο
659 4257 687 4308 α
706 4253 766 4318 213,
780 4255 821 4308 τα.
