3224 5044
784 417 1007 484 -70-

336 599 425 662 certo
450 595 671 662 demonstrari
693 599 815 682 potest.
849 594 1002 680 Namque
1027 594 1211 660 secundum
1235 615 1292 660 eos
1309 593 1458 680 appella-

335 704 444 770 tiones
468 701 674 786 singularum
697 723 807 768 rerum
830 701 970 789 propriis
993 700 1267 773 vocibusolatae
1291 699 1338 786 (τὰ
1354 701 1458 788 λεκτά)

336 812 397 876 aut
427 809 642 896 imperfectae
673 811 735 876 aut
765 808 933 896 perfectae
965 811 1080 891 sunt1)
1125 807 1203 873 darn
1234 829 1309 874 cum
1337 809 1356 872 ἀ
1383 811 1459 891 ὅρος

336 919 439 1003 atque
461 920 481 1001 ἡ
505 919 635 1002 ποιότης
657 916 794 982 notione
817 923 872 982 τοῦ
896 923 1038 999 φανεροῦ
1049 917 1072 997 ²)
1096 916 1289 982 consociata
1311 917 1400 980 inter
1423 937 1459 981 se

335 1025 387 1090 ita
409 1024 638 1106 coiungantur,
666 1022 783 1088 utillo
807 1021 851 1088 ed
875 1020 1134 1109 appellationem
1157 1021 1313 1088 facinoris
1336 1022 1459 1108 imper·

335 1131 470 1214 fectam,
504 1151 589 1215 quae
618 1129 813 1196 definitione
836 1130 910 1214 ipse
934 1127 1099 1214 explenda
1122 1133 1185 1214 est,
1210 1129 1294 1194 haec
1318 1128 1361 1194 ad
1385 1150 1458 1215 per·

336 1237 462 1304 fectam
493 1239 632 1322 spectet
663 1238 721 1302 vix
745 1235 951 1302 dubitaverit
973 1237 1158 1321 quisquam,
1182 1236 1263 1321 quin
1284 1238 1313 1301 is
1337 1235 1457 1319 rhetor,

337 1343 395 1430 qui
429 1346 540 1409 status
574 1346 646 1410 arte
681 1343 725 1408 ab
759 1342 966 1425 Hermogene
1001 1342 1126 1408 tradita
1162 1343 1333 1425 conclusit,
1372 1341 1460 1408 hane

338 1449 606 1516 distributionem
630 1449 787 1516 aStoiois
811 1453 988 1516 mutuatus
1012 1451 1064 1515 sit.
1096 1449 1243 1533 Accedit,
1268 1449 1357 1536 quod
1381 1471 1459 1516 con-

338 1557 524 1624 stitutionis
541 1555 736 1622 definitivae
753 1555 941 1642 explicatio,
958 1577 1061 1642 quarn
1072 1556 1298 1640 Hermogenes
1315 1557 1459 1638 exhibet,

338 1663 506 1751 Antipatri
519 1663 622 1729 Stoici
638 1662 826 1728 definitioni
840 1671 895 1728 τοῦ
912 1667 991 1747 ὅρου
1008 1663 1195 1749 respondet.
1211 1663 1296 1730 Vide
1307 1663 1459 1746 Hermog.

338 1792 367 1857 p.
394 1771 466 1856 138,
490 1771 550 1836 22:
575 1775 636 1836 ἔστι
653 1822 659 1834 .
677 1821 682 1834 .
699 1772 804 1841 στάσις
828 1772 919 1853 όρικὴ
945 1773 1101 1855 ὀνόματος
1124 1774 1249 1855 ζήτησις
1265 1773 1337 1852 περὶ
1359 1772 1459 1854 πράγ-

338 1903 445 1954 ματος,
470 1877 509 1942 οὗ
532 1879 567 1941 τὸ
582 1879 642 1961 μὲν
664 1880 849 1961 πέπρακται,
872 1877 907 1942 τὸ
924 1878 958 1941 ἀὲ
973 1879 1068 1942 λείπει
1090 1879 1172 1961 πρὸς
1194 1879 1388 1942 αὗτατέλειαν
1406 1885 1460 1942 τοῦ

339 1987 503 2068 ὀνόματος.
543 1983 747 2063 Quibuscum
770 1983 881 2050 verbis
904 1983 987 2049 haec
1011 1985 1199 2050 concinere:
1224 1986 1300 2068 ὅρος
1324 1986 1359 2048 δέ
1382 1987 1460 2050 ἐστιν

338 2089 397 2178 (ὥς
406 2117 502 2176 φησιν
510 2091 709 2173 Ἀντίπατρος
718 2093 751 2154 ἐν
758 2098 805 2174 τῷ
813 2094 934 2175 πρόντῳ
941 2093 1013 2174 περὶ
1021 2093 1119 2175 ὅρων)
1136 2093 1229 2174 λόγος
1236 2094 1301 2156 κατ’
1314 2093 1460 2157 ἀνάλυσιν

339 2200 575 2282 ἀπαρτιζόντως
592 2199 808 2281 ἐκφερόμενος
818 2197 842 2280 ³)
862 2197 914 2262 his
932 2197 1225 2283 explanationibus
1241 2197 1382 2267 dilucido
1399 2219 1459 2283 ap-

338 2307 449 2390 parot:
473 2306 707 2388 ἀπαρτιζόντως
724 2353 771 2369 ...
788 2305 823 2368 τὸ
838 2308 917 2389 μήτε
933 2307 1139 2390 ὑπερβάλλειν
1153 2308 1232 2389 μήτε
1252 2308 1352 2370 ἐνδεῖν
1362 2306 1385 2388 ⁴)
1407 2303 1459 2390 (of.

340 2411 430 2498 apud
453 2410 606 2494 Hermog.
629 2413 664 2477 τὸ
688 2413 723 2477 ἀὲ
746 2415 850 2493 λείπει)
876 2414 911 2478 et
933 2415 1081 2495 αὐτοτελῆ
1113 2411 1165 2494 (cf.
1189 2411 1279 2498 apud
1308 2411 1460 2495 Hermog.

339 2519 420 2603 πρὸς
450 2519 655 2606 αι’πστέλειαν)
687 2517 740 2608 [sc.
764 2516 866 2607 toarci]
897 2522 992 2584 δ’ἐστὶ
1021 2521 1058 2583 τά
1087 2522 1320 2604 ἀπηρτισμένην
1350 2523 1460 2603 ἔχοντα

338 2628 395 2710 τὴν
411 2626 592 2712 ἐκφοράνΡ)
624 2625 730 2692 Simul
752 2626 801 2691 ita
825 2626 1074 2693 demonstratur
1097 2629 1226 2692 statum
1250 2626 1461 2692 definitivum

340 2754 417 2799 curn
447 2733 615 2814 categoria
638 2732 745 2798 altera
768 2731 963 2818 Stoicorum,
992 2755 1078 2819 quae
1103 2737 1156 2798 est
1178 2737 1197 2818 ἡ
1221 2735 1358 2817 ποιότης,
1384 2753 1460 2799 con-

339 2839 515 2906 ferendum
549 2860 633 2921 esse,
665 2839 745 2925 quia
775 2839 859 2904 haee
890 2861 907 2904 e
933 2839 1091 2926 Simplicii
1121 2841 1395 2926 interpretatione
1427 2839 1461 2904 in

341 2945 579 3012 commentario
612 2945 653 3010 ad
678 2946 869 3012 Aristotelis
901 2948 1085 3030 categorias
1118 2947 1268 3014 exhibita
1299 2947 1390 3030 item,
1423 2967 1461 3012 ac

341 3052 438 3119 modo
454 3052 489 3117 in
506 3054 575 3136 ὅρῳ
592 3052 787 3138 explicando
804 3053 957 3137 vidimus,
976 3053 1180 3119 describitur.
1223 3053 1307 3120 Vide
1324 3053 1462 3119 Prantlii

340 3159 418 3225 hist.
442 3159 505 3243 log.
529 3181 560 3226 V.
584 3159 598 3223 Ι
621 3182 652 3246 p.
668 3160 732 3225 431
759 3160 835 3225 adn.
859 3161 917 3226 91:
942 3199 949 3225 ι
972 3211 979 3226 .
1003 3161 1076 3232 τοὺς
1100 3213 1106 3225 .
1132 3212 1138 3225 .
1163 3163 1388 3244 ἀπαρτίζονιας
1410 3163 1462 3226 καὶ

342 3269 493 3351 ἐμμόνως
526 3269 618 3339 ὄντας
651 3269 731 3331 κατά
768 3268 926 3350 διαφοράν
960 3269 1071 3339 ποιοὺς
1101 3270 1254 3333 ἐτίθεντο·
1286 3270 1462 3352 ἀπαρτίζειν

343 3375 377 3438 δὲ
400 3376 479 3438 κατὰ
502 3375 558 3456 τὴν
582 3375 725 3458 ἐκφοράν
749 3376 855 3456 ἔλεγον
877 3375 950 3445 τοὺς
964 3385 1002 3458 τῇ
1017 3377 1156 3458 ποιότητι
1172 3377 1461 3458 συνεξισουμένονς,

435 3625 450 3692 ¹)
470 3623 550 3692 Diog.
570 3623 601 3677 1..
614 3623 665 3678 Vll
677 3623 726 3676 63:
746 3625 799 3674 τῶν
818 3662 825 3677 .
845 3620 967 3676 ,λεκτῶν
990 3622 1024 3675 τὰ
1048 3621 1098 3689 μὲν
1115 3619 1230 3692 λέγουσιν
1248 3619 1315 3674 εἶναι
1334 3619 1458 3686 amoveto

341 3706 370 3764 οἰ
386 3715 507 3776 Στωϊκοὶ,
526 3712 561 3764 τὰ
580 3708 603 3764 δ’
620 3709 721 3776 ἐλλιπῆ.
758 3711 801 3768 ef.
820 3713 897 3766 Sext.
910 3713 988 3782 Emp.
1003 3713 1067 3767 adv.
1080 3712 1170 3766 math.
1182 3711 1246 3766 Vlll
1261 3711 1355 3777 12,70.
1387 3711 1462 3781 (Arn.

341 3801 375 3856 fr.
396 3801 483 3856 Stoie.
503 3820 529 3857 v.
549 3802 611 3856 Iln.
632 3801 691 3865 181,
708 3801 766 3866 166,
783 3801 842 3871 187)

431 3890 450 3961 ⁹)
470 3889 512 3945 ef.
531 3889 561 3942 τὸ
580 3886 678 3952 λεπτόν,
699 3907 762 3961 quo¹
783 3891 858 3960 quod
877 3890 937 3961 quis
957 3890 1073 3960 cogitet,
1093 3890 1133 3945 eis
1151 3889 1297 3961 patefacit,
1317 3889 1365 3959 qui
1378 3904 1463 3944 voces

343 3979 456 4033 auditas
474 3979 651 4048 intellegunt.
1482 3974 1487 3982 ’

433 4067 452 4136 ³)
470 4068 551 4138 Diog.
571 4068 601 4122 L.
615 4068 665 4121 Vll
678 4067 720 4123 60.

432 4157 451 4225 41
472 4157 551 4211 Alex.
571 4155 695 4226 Aphrod.
715 4157 745 4212 in
763 4157 880 4213 Aristot.
899 4161 958 4228 top.
978 4175 1004 4228 p.
1017 4157 1086 4223 lar
1108 4159 1151 4212 W.

433 4247 452 4315 ⁶)
472 4245 553 4314 Diog.
573 4245 604 4299 L.
624 4245 673 4298 VH
691 4245 734 4301 63.
773 4246 814 4302 ef.
834 4247 898 4301 Arn.
917 4246 951 4302 ir.
972 4246 1058 4302 Stolo.
1079 4264 1104 4302 v.
1124 4247 1148 4302 II
1166 4264 1193 4317 p.
1206 4247 1249 4302 75.
1280 4243 1284 4252 '
