3198 5054
765 379 986 444 ..32.„

314 557 478 624 rationem
502 558 608 623 totius
634 557 794 623 orationis
815 556 969 644 derigit.²)
1000 557 1118 643 ltaque
1134 556 1318 624 difficultas
1343 558 1438 624 aliter

316 663 513 750 expediatur
541 665 679 750 oportet.
726 662 789 728 Vel
813 685 830 728 e
856 663 1021 730 Ciceronis
1045 664 1156 730 verbis
1185 664 1283 730 modo
1313 666 1349 730 in
1377 663 1437 730 ad-

316 771 491 837 notatione
516 769 628 835 allatis
652 771 866 856 perspicimus
894 770 1100 836 firmamenti
1123 769 1353 836 definitionem
1377 769 1437 836 ad-

263 911 265 915 ·
317 878 506 943 dubitatum
537 875 628 941 haud
660 877 795 942 inanem
824 897 907 960 esse,
943 880 981 941 ut
1010 876 1123 942 Thiele
1152 882 1187 944 et
1210 877 1403 943 Volkmann
1415 878 1438 965 ²)

316 987 449 1070 putant,
482 984 636 1070 quamvis
659 1004 727 1048 non
750 1005 811 1048 suo
843 982 915 1049 loeo
940 985 1029 1049 stare
1053 983 1215 1050 videatur.
1262 984 1339 1050 dam
1365 1005 1440 1051 cum

317 1092 568 1157 firmamentum
598 1089 652 1155 hio
688 1089 854 1176 quaedam
886 1091 1062 1174 singularis
1097 1092 1223 1177 species
1262 1112 1439 1174 argumen-

317 1196 413 1263 tandi
436 1196 657 1280 intellegatur⁷
684 1217 759 1262 eam
782 1201 921 1282 partem,
947 1199 1071 1283 quade
1092 1199 1439 1280 argumentationibus

320 1304 529 1390 potissimum
554 1304 673 1387 agitur,
707 1303 872 1370 adibimus
903 1303 1002 1390 idque
1032 1305 1103 1370 eins
1135 1307 1247 1370 status
1276 1307 1440 1391 propriam

320 1411 565 1496 tractationem,
590 1410 652 1476 sub
677 1432 773 1496 quem
799 1431 902 1476 causa
927 1411 1070 1497 exempli
1097 1411 1218 1497 prolati
1246 1411 1344 1478 cadit.
1392 1413 1439 1478 Ac

319 1517 543 1604 proiecto.his
559 1518 680 1601 verbis,
706 1519 826 1602 quibus
851 1517 961 1583 Cicero
986 1519 1158 1584 notionem
1180 1519 1385 1584 firmamenti
1407 1520 1441 1583 in

320 1625 402 1690 libro
426 1624 610 1690 rhetoricae
634 1624 741 1711 priore
764 1623 797 1712 (ξ
825 1625 878 1709 19)
902 1624 1099 1691 illustravit:
1128 1630 1186 1691 »ut
1209 1627 1238 1690 si
1261 1625 1343 1692 velit
1368 1626 1443 1692 Ore-

245 1815 249 1823 ·
320 1734 389 1798 stes
414 1730 521 1797 dicere
545 1729 708 1796 eiusmodi
732 1731 881 1796 animum
904 1732 1020 1797 matris
1042 1753 1124 1797 suae
1141 1732 1245 1798 luisse
1261 1733 1443 1818 inpetrem

320 1860 428 1920 suum,
453 1838 487 1904 in
505 1859 540 1903 se
557 1839 666 1924 ipsum
683 1859 722 1903 ac
739 1859 876 1921 sorores
899 1840 933 1903 in
950 1859 1099 1924 regnum,
1117 1841 1150 1904 in
1167 1839 1293 1905 famam
1311 1840 1442 1922 generis

320 1949 355 2011 et
378 1944 541 2027 familiae.
563 1948 599 2009 ut
622 1945 665 2010 ab
690 1966 731 2010 ea
755 1966 880 2030 poenas
903 1945 998 2011 liberi
1022 1948 1072 2011 sui
1098 1947 1308 2031 potissimum
1329 1950 1443 2032 petere

323 2052 517 2118 debuerint«
548 2051 660 2117 lumen
687 2051 869 2134 afferimus
903 2073 977 2118 cum
1001 2053 1044 2136 id,
1079 2054 1167 2138 quod
1192 2054 1302 2120 Cicero
1327 2052 1443 2136 singil-

314 2147 418 2225 latim
434 2158 514 2225 dicit
537 2159 577 2224 de
602 2159 745 2224 criminis
770 2159 940 2241 relatione,
966 2161 1060 2226 ouius
1083 2160 1147 2227 hoc
1170 2160 1357 2246 exemplum
1382 2163 1444 2242 est

322 2266 364 2330 iis
388 2286 627 2350 comparamus
663 2265 794 2330 Etenim
817 2265 883 2331 illic
905 2268 992 2333 inter
1015 2268 1332 2350 argumentationes,
1358 2288 1445 2353 quae

322 2372 403 2438 item
427 2375 529 2457 atque
552 2372 587 2436 in
612 2372 686 2438 aliis
711 2373 856 2438 statibus
881 2373 1085 2458 explicandis
1115 2373 1352 2439 iudicationem
1383 2395 1442 2439 ex-

322 2481 458 2566 cipiunt,
484 2479 608 2562 eadem,
634 2500 734 2565 quam
758 2479 855 2545 modo
872 2479 1080 2565 protulimus,
1106 2482 1152 2546 sic
1175 2481 1361 2563 generatim
1384 2502 1444 2546 ex-

322 2588 457 2674 ponitur
480 2587 520 2669 (ΙΙ
536 2587 588 2669 28,
603 2586 673 2668 aab:
723 2585 802 2650 »Illa
826 2637 831 2651 .
856 2636 863 2651 .
888 2588 1049 2652 acerrima
1073 2591 1306 2652 accusatorum
1335 2588 1443 2652 crimi-

324 2696 416 2759 natio
441 2693 493 2774 (of.
514 2693 725 2758 »firmissima
748 2695 993 2776 argumentatio
1015 2693 1231 2776 defensoris«,
1257 2714 1343 2781 quae
1366 2693 1445 2760 huic

323 2799 526 2885 respondet),
559 2820 743 2885 perquam
774 2800 1058 2886 perturbationem
1086 2800 1156 2870 fore
1185 2803 1333 2865 omnium
1356 2801 1444 2866 iudi-

322 2907 449 2972 ciorum
473 2905 713 2991 demonstrant,
746 2907 774 2971 si
807 2906 847 2972 de
878 2906 1075 2972 indamnato
1109 2907 1260 2994 supplicii
1291 2907 1446 2973 sumendi

323 3016 476 3100 potestas
508 3012 588 3078 data
620 3013 673 3095 sit,
706 3013 883 3098 levabitur,
915 3015 1058 3101 primum
1086 3016 1114 3080 si
1138 3066 1269 3081 .....
1294 3015 1445 3099 ;deinde

323 3120 495 3202 eiusmodi,
529 3124 568 3185 ut
593 3121 628 3184 in
660 3141 734 3186 eam
765 3120 794 3185 is
823 3121 968 3186 maxime
994 3121 1145 3186 debuerit
1168 3123 1444 3206 animadvertere,

325 3228 381 3312 qui
405 3227 680 3293 animadverterit
704 3278 710 3292 .
735 3278 741 3293 .
765 3279 804 3293 ..
836 3226 867 3314 (ᾧ
891 3227 945 3310 86)
998 3228 1052 3292 Ab
1081 3227 1263 3312 defensore,
1296 3229 1330 3293 in
1362 3230 1444 3311 elue,

326 3354 424 3419 quem
448 3333 539 3398 ultus
565 3334 617 3415 sit,
644 3335 818 3400 audaciam
844 3337 896 3399 sui
920 3336 1131 3421 conquesti03
1154 3357 1226 3400 rein
1240 3357 1308 3401 non
1325 3357 1367 3401 ex
1382 3357 1446 3400 no-

326 3441 414 3506 mine
437 3440 541 3525 ipsius
566 3442 701 3524 negotii,
735 3441 793 3506 sed
826 3464 868 3506 ex
892 3442 1027 3507 consilio
1052 3442 1132 3524 eius,
1166 3444 1222 3528 qui
1253 3442 1378 3526 fecerit,
1413 3447 1448 3508 et

327 3555 431 3613 cau'sa
454 3550 488 3612 et
510 3551 659 3634 tempore
684 3548 891 3613 considerare
917 3552 1082 3633 oportere3
1106 3550 1184 3635 quid
1201 3549 1281 3616 mali
1296 3551 1448 3615 futurum

327 3655 372 3719 sit
395 3657 456 3719 aut
480 3676 522 3720 ex
543 3655 665 3720 iniuria
693 3659 753 3720 aut
777 3675 818 3720 ex
848 3655 971 3721 scelere
1004 3655 1153 3738 alicuine,
1188 3657 1253 3721 nisi
1283 3659 1382 3721 tanta
1412 3658 1448 3721 et

422 3854 438 3921 ¹)
458 3853 528 3906 Vide
548 3855 624 3906 auct.
644 3852 680 3905 ad
698 3851 761 3906 Her.
780 3852 797 3906 l.
816 3852 900 3905 modo
920 3852 979 3906 all.:
1002 3853 1140 3922 >Repente
1153 3851 1323 3905 iudicatione
1336 3868 1446 3905 omnem

327 3941 467 3994 rationem
491 3941 579 3994 totius
608 3940 743 3994 orationis
771 3957 804 3995 eo
833 3940 953 3994 conferri
982 3941 1148 4011 oportebit«
1195 3940 1236 3996 ef.
1260 3940 1326 3995 ibid.
1353 3940 1446 4004 17,27.

330 4029 371 4084 Cf.
392 4029 445 4083 Cic.
465 4029 500 4082 de
517 4029 574 4083 inv,
588 4030 613 4082 11
628 4028 669 4094 17,
681 4030 727 4084 52:
748 4029 809 4083 »Ad
822 4071 828 4083 .
843 4071 849 4084 .
863 4029 1064 4084 iudicationem
1077 4030 1339 4098 argumentationes
1352 4045 1448 4082 omnes

329 4117 439 4172 adlerre
459 4118 625 4187 oportebit«

419 4207 439 4276 2)
459 4207 567 4261 Volkm.
587 4208 604 4261 l.
624 4207 669 4260 all.
688 4225 714 4278 p.
730 4207 789 4261 103.
