3224 5044
770 407 986 474 „32-

314 585 497 654 rhetoricae
521 586 640 669 facere,
666 585 849 658 sedetiam
874 588 1051 653 materiam
1075 587 1105 654 ei
1129 587 1315 654 subiectam
1339 588 1440 654 simili

314 692 412 760 modo
444 697 547 779 atque
571 693 606 758 in
629 692 684 758 illo
709 693 839 776 dialogo
850 693 873 780 ²)
900 694 1105 775 terminavit,
1131 715 1206 760 eum
1229 715 1297 761 non
1321 715 1440 760 omnes

312 821 375 882 res,
401 799 459 866 sed
482 798 674 866 huiusmodi
696 802 831 865 tantum
855 801 1071 886 quaestiones
1096 804 1192 867 extra
1212 800 1316 866 ullam
1332 821 1437 886 pecu-

313 907 428 972 liarem
460 906 667 991 disciplinam
699 907 837 992 positas,
878 929 964 993 quae
996 908 1110 974 civiles
1142 910 1314 991 vocantur,
1348 909 1437 974 sitne

314 1012 438 1101 aliquid
472 1014 599 1079 iustum
634 1034 677 1080 an
710 1014 886 1098 iniustum,
922 1014 1101 1080 honestum
1135 1035 1179 1080 an
1209 1014 1437 1097 inhonestum,

313 1121 394 1187 utile
419 1142 463 1186 an
479 1121 606 1204 inutile,
629 1121 751 1187 oratori
768 1121 956 1204 attribuite)
991 1121 1068 1187 Jam
1084 1143 1163 1188 vero
1180 1121 1285 1188 civilis
1302 1122 1437 1207 quidem

313 1303 343 1356 et
361 1316 387 1369 p.
400 1298 454 1354 453
462 1301 501 1354 A:
520 1300 630 1354 πειθοῦς
648 1295 801 1368 δημιουργός
819 1297 889 1351 ἐστιν
905 1298 1068 1370 ἢρητοριιιὴ,
1087 1303 1132 1351 καὶ
1144 1299 1160 1366 ἡ
1172 1300 1342 1370 πραγματεία
1355 1300 1434 1364 αὑτῆς

313 1385 405 1440 α’παοα
423 1391 468 1439 καὶ
486 1387 517 1439 τὸ
538 1386 682 1456 κεφάλαιον
702 1387 737 1444 εἰς
754 1392 831 1439 τοῑτο
849 1385 963 1454 τελευτᾷ.

404 1477 421 1546 ¹)
441 1477 580 1542 Socrates,
600 1480 752 1548 postquam
771 1493 834 1530 earn
854 1477 1055 1542 definitionem,
1077 1493 1161 1548 quam
1179 1477 1264 1531 modo
1278 1477 1434 1541 attulimus

313 1569 344 1619 ut
355 1567 441 1621 latius
453 1570 608 1636 patentem,
630 1566 761 1636 quoniam
775 1565 848 1620 aliae
862 1582 975 1638 quoque
988 1570 1063 1621 artes
1077 1567 1286 1636 persuasionem
1299 1565 1435 1630 afferunt,

311 1656 406 1709 reiecit
425 1656 460 1725 (p.
473 1655 527 1710 453
536 1656 649 1710 Β-454
659 1657 702 1723 A),
729 1656 757 1708 in
783 1654 837 1708 hnc
861 1656 1016 1726 acquiescit
1039 1655 1074 1725 (p.
1087 1655 1141 1710 454
1150 1657 1194 1723 Bt:
1223 1653 1324 1720 Ταῖιτηι
1346 1654 1434 1706 τοίνυν

311 1749 356 1810 τῆς
377 1746 488 1800 πειθοῦς
511 1741 584 1813 λέγω,
609 1737 628 1795 d
653 1743 800 1814 Σώκρατες,
826 1747 871 1809 τῆς
895 1741 923 1795 ἐν
948 1739 1124 1814 δικαστηρίοις
1148 1747 1193 1796 καὶ
1218 1741 1246 1796 ἐν
1268 1745 1322 1799 τοῖς
1346 1740 1436 1798 ἄλλοις

311 1832 403 1900 ὄχλοις,
417 1833 504 1903 ὥσπερ
517 1838 562 1886 καὶ
574 1833 635 1904 ἄρτι
646 1835 682 1904 (p.
695 1833 789 1902 452&
800 1831 894 1903 ἔλεγον,
908 1837 952 1884 καὶ
963 1837 1043 1904 περὶ
1054 1832 1194 1896 τούτων,
1208 1832 1225 1884 ἅ
1234 1831 1305 1885 ἐστι
1317 1829 1433 1884 δίκαιά

310 1927 417 1975 τεκαὶ
436 1920 555 1986 ἄδικα,
581 1923 633 1977 nisi
657 1922 731 1993 quod
750 1926 898 1993 praeterea
918 1923 1104 1992 persuadendi
1123 1923 1262 1977 rationem
1281 1921 1325 1976 his
1344 1922 1434 1976 verbis

311 2013 443 2067 describit
462 2014 495 2082 (p.
509 2011 620 2079 455At:
637 2010 675 2061 ‘H
691 2009 814 2082 ῥητορικὴ
834 2051 840 2064 .
861 2051 867 2064 .
886 2013 996 2066 πειθοῦς
1014 2007 1168 2082 δημιουργὸς
1186 2009 1241 2062 ἐστι
1258 2013 1428 2076 πιοτεοτιιιῆς,

311 2098 364 2153 ἀλλ’
388 2099 416 2152 cir
436 2095 618 2164 διδασκαλικῆς
635 2104 696 2169 περὶ
714 2099 745 2151 τὸ
765 2095 866 2152 δίκαιον
883 2120 912 2152 τε
930 2105 974 2152 καὶ
993 2097 1091 2153 ἄδικον.
1123 2101 1164 2155 De
1177 2099 1296 2154 materia
1310 2100 1433 2154 oratoria

311 2191 347 2245 cl.
367 2207 393 2260 p.
407 2190 460 2244 455
472 2190 505 2254 D,
524 2189 620 2253 4591),
640 2189 736 2248 46οΑ,
755 2189 810 2243 460
819 2189 850 2244 ll.

402 2279 421 2343 ²)
440 2279 502 2332 Non
523 2278 643 2333 alienum
663 2282 706 2333 est
724 2278 770 2333 hic
790 2279 964 2334 commodius
983 2279 1149 2334 conferendi
1168 2282 1360 2334 causatotum
1372 2277 1433 2332 fere

310 2369 385 2422 hunc
404 2370 497 2423 locum
515 2368 664 2436 Augustini
692 2369 747 2422 huc
774 2368 960 2440 pertinentem
987 2384 1134 2438 excerpere
1153 2368 1188 2438 (p.
1203 2368 1262 2433 les,
1274 2369 1308 2422 18
1326 2367 1430 2436 Halml:

313 2457 392 2512 »Alia
410 2457 528 2511 subinde
547 2472 582 2511 ex
601 2457 699 2511 eodem
711 2459 797 2512 verbo
810 2457 996 2528 persuadendi
1011 2457 1151 2512 calumnia
1163 2457 1297 2521 nascitur,
1316 2457 1433 2510 inventa

310 2563 378 2602 sane
406 2563 424 2600 a
450 2547 570 2601 Platone
596 2550 625 2600 et
649 2549 775 2600 tractata
800 2545 919 2600 multum
944 2546 972 2600 in
996 2546 1108 2616 Gorgia,
1136 2547 1185 2601 sed
1203 2546 1323 2616 posthac
1342 2545 1431 2598 multo

309 2636 489 2707 inpudentius
508 2652 526 2688 a
545 2635 713 2705 quibusdam
731 2634 875 2700 technicis,
905 2636 1141 2690 obtrectatoribus
1161 2635 1357 2704 Hermagorae,
1376 2633 1432 2688 fre-

310 2728 456 2797 quentato.
493 2724 605 2793 Negant
631 2725 734 2794 quippe
757 2725 898 2794 proprium
922 2725 1009 2779 finem
1033 2741 1095 2779 esse
1122 2725 1241 2778 oratoris
1265 2723 1353 2778 officii
1371 2739 1432 2794 per-

309 2814 436 2877 suadere,
456 2814 505 2868 sed
523 2829 700 2867 communem
718 2829 808 2883 paene
827 2830 890 2868 cum
909 2814 1059 2869 universis:
1079 2830 1145 2868 nam
1164 2819 1194 2868 et
1212 2813 1430 2868 mathematicos

311 2903 408 2966 dolie,
433 2919 506 2973 quae
529 2902 557 2955 in
581 2902 712 2956 notitiam
737 2903 859 2974 ipsorum
884 2903 1041 2967 ceciderint,
1068 2903 1237 2972 persuadere
1260 2905 1290 2956 et
1308 2903 1432 2956 medicos

310 2994 344 3048 de
363 2993 403 3057 iis,
426 3009 498 3063 quae
517 2992 545 3045 in
564 2995 625 3046 arte
643 2992 767 3062 ipsorum
786 2993 992 3057 contineantur,
1013 2992 1188 3062 persuadere,
1209 2990 1325 3062 opifices
1344 2991 1431 3046 etiam

309 3085 338 3136 et
366 3081 542 3136 tebemarios
569 3081 664 3135 fabros
688 3085 718 3136 et
741 3082 764 3135 si
788 3083 834 3153 qui
861 3081 1020 3136 huiusmodi
1046 3085 1112 3136 sunt
1135 3098 1220 3152 posse
1238 3080 1273 3135 de
1292 3097 1335 3146 eo,
1355 3082 1431 3152 quod

308 3175 404 3241 agant,
425 3170 513 3226 cuivis
532 3171 714 3240 probabiliter
731 3171 907 3241 persuadere,
929 3171 1010 3241 quasi
1029 3171 1139 3224 ratione
1152 3170 1274 3225 iaciant:
1295 3185 1360 3238 ergo
1373 3186 1430 3223 non

310 3277 372 3314 esse
390 3262 530 3328 integrum
549 3259 644 3325 finem,
671 3260 718 3332 qui
736 3261 826 3315 solam
852 3260 1086 3314 communitatem
1106 3260 1219 3324 habeat,
1246 3262 1342 3313 careat
1367 3274 1431 3329 pro·

311 3350 445 3420 prietate;
470 3365 532 3402 esse
557 3353 653 3404 actum
678 3349 863 3419 persuadendi
882 3364 1060 3403 communem
1080 3366 1143 3404 cum
1162 3349 1258 3403 multis
1277 3347 1429 3403 etidcirco

308 3438 475 3509 persuadere
499 3455 556 3492 non
580 3455 643 3493 esse
668 3439 808 3509 proprium
831 3438 918 3492 finem
946 3439 1065 3492 oratoris
1090 3438 1187 3494 officii.
1225 3437 1295 3492 Huic
1319 3453 1431 3508 quoque

307 3526 463 3582 calumniae
481 3527 667 3603 Hermagoras
686 3527 884 3597 percommode
903 3528 1021 3582 obstitit.
1055 3527 1130 3582 Dicit
1149 3527 1222 3582 enim
1235 3543 1297 3581 esse
1310 3525 1430 3580 oratoris

308 3617 435 3671 officium
453 3617 629 3687 persuadere,
653 3619 791 3687 quatenus
810 3633 901 3671 rerum
921 3621 950 3671 et
968 3632 1150 3686 personarum
1169 3615 1294 3671 condicio
1312 3614 1428 3686 patitur,

307 3707 457 3762 dumtaxat
468 3707 497 3761 in
511 3705 637 3760 civilibus
648 3706 869 3776 quaestionibus.
897 3705 968 3760 Nam
979 3706 1149 3760 medicorum
1160 3707 1190 3760 et
1199 3704 1429 3775 philosophorum

300 3777 336 3851 'et
355 3801 466 3852 ceterae
486 3795 646 3850 huiusmodi
665 3795 847 3866 quaestiones
868 3799 949 3850 extra
967 3795 1093 3864 regulam
1113 3795 1230 3858 civilem,
1251 3810 1336 3864 quam
1352 3788 1428 3844 πολι-

305 3886 380 3952 τικὴν
405 3885 503 3940 Graeci
528 3888 640 3949 vocant,
668 3884 860 3939 conlocantur.
904 3885 977 3938 Sunt
1000 3887 1097 3938 autem
1121 3883 1215 3938 civiles
1239 3881 1426 3954 quaestiones,

307 3992 424 4046 quarum
442 3974 600 4044 perspectio
620 3973 649 4027 in
668 3990 847 4028 communem
866 3973 952 4028 animi
972 3973 1186 4042 conceptionem
1204 3974 1301 4042 potest
1319 3971 1427 4035 cadere,

306 4064 381 4135 quod
400 4063 500 4117 Graeci
517 4061 606 4127 κοινὴν
625 4062 728 4114 ἔννοιαν
741 4066 855 4118 vocant.
875 4093 909 4101 —-
928 4061 1104 4133 (p.139,11):
1124 4061 1171 4115 ubi
1185 4061 1335 4131 quaeritur,
1354 4059 1429 4113 sitne

305 4152 410 4224 aliquid
429 4153 535 4206 iustum
554 4168 590 4205 an
609 4153 753 4217 iniustum,
774 4152 925 4207 honestum
944 4167 981 4205 an
994 4151 1183 4214 inhonestum,
1203 4149 1376 4204 laudandum
1391 4165 1427 4202 an

305 4240 570 4311 reprehendendum,
594 4241 717 4311 praemio
743 4241 934 4295 adiiciendum
960 4257 996 4295 au
1015 4239 1159 4309 supplicio,
1186 4239 1255 4293 utile
1274 4255 1309 4292 an
1328 4237 1428 4292 inutile
