3224 5044
638 436 859 499 ..41„

189 610 323 697 scipulis
347 614 451 682 θέσεις
473 613 636 677 rhetorice
659 613 794 678 tractari
820 613 983 695 solebant,
1010 618 1048 679 ut
1071 635 1113 680 ex
1136 613 1200 678 hac
1228 635 1309 699 quo·

189 739 252 804 que
276 723 371 804 parte
394 738 608 804 nequaquam
633 720 678 784 sit
701 721 819 785 mirum
848 721 883 784 in
906 718 1129 802 Hermagorae
1159 721 1309 786 doctrina

185 827 289 896 θέσεις
302 846 478 891 occurrere.
510 825 602 904 Quae
615 846 691 891 cum
703 827 797 891 initio
813 825 1042 912 philosophiae
1055 826 1157 893 solius
1173 825 1306 912 inerint,

186 930 283 997 facile
316 930 529 1014 intellegitur,
566 934 631 997 etsi
666 931 756 1018 apud
786 931 1001 999 Aristotelem
1038 933 1120 998 haec
1160 932 1308 998 definitio

185 1036 334 1103 nondum
364 1038 545 1123 invenitur,
579 1060 636 1105 our
668 1038 890 1122 Hermagoras
923 1041 1138 1126 quaestiones
1172 1041 1306 1106 univer-

187 1144 275 1210 sales
292 1147 396 1216 θέσεις
412 1145 642 1211 nominaverit
690 1146 741 1211 Ac
764 1147 923 1232 quoniam
947 1147 1162 1232 quaestiones
1188 1148 1309 1211 oratori

186 1251 386 1337 propositae,
420 1273 507 1338 quae
534 1255 574 1318 ut
603 1275 621 1318 e
646 1253 788 1318 veritate
812 1254 904 1318 vitae
929 1257 1084 1339 sumptae
1108 1254 1151 1319 ad
1174 1275 1226 1319 res
1251 1253 1308 1319 de-

185 1357 301 1422 finitas
337 1366 512 1444 certasque
547 1363 717 1444 spectant,
757 1361 825 1426 iam
860 1359 914 1425 diu
955 1364 1034 1426 ante
1069 1360 1308 1442 Hermagoram

183 1467 351 1537 ὑποθέσεις
374 1465 533 1552 appellari
557 1465 675 1532 solitae
699 1471 804 1550 erant,
830 1469 879 1532 ita
903 1468 974 1532 eius
998 1466 1167 1534 distinctio
1184 1470 1307 1532 θέσεων

184 1575 219 1636 et
241 1575 429 1638 ὑποθέσεων
439 1573 465 1658 1)
490 1593 553 1638 sua
576 1578 696 1659 sponte
721 1573 834 1640 oblata
858 1578 918 1642 est.

273 1678 425 1744 Alterum
454 1679 630 1745 discrimen
660 1681 906 1766 quaestionum,
939 1685 1039 1768 prout
1061 1684 1122 1747 aut
1153 1679 1192 1746 de
1215 1680 1306 1746 facto

184 1789 246 1850 aut
268 1785 309 1851 de
334 1787 446 1872 aliqua
462 1789 712 1871 constitutione,
737 1788 897 1874 imprimis
921 1789 961 1854 de
985 1788 1056 1871 lege
1081 1788 1307 1854 controversia

186 1897 248 1977 est,
281 1913 483 1980 quamquam
516 1893 686 1979 quandam
721 1894 971 1961 similitudinem
995 1916 1068 1961 cum
1094 1895 1305 1961 distinctione

186 1999 389 2066 Aristotelea
411 2005 545 2066 πίστεων
568 2005 722 2085 ἐντέχνων
746 2005 781 2066 et
803 2005 944 2086 ἀτέχνων
967 2002 1109 2090 hebet,²)
1132 2005 1248 2068 tamen
1264 2002 1306 2068 ab

187 2128 229 2172 ea
260 2110 369 2172 ortum
403 2128 476 2173 esse
509 2107 566 2172 vix
597 2107 738 2174 videtur.
790 2107 878 2173 Nam
908 2110 993 2173 ratio
1026 2108 1240 2195 dispertiendi
1270 2108 1306 2173 in

182 2217 324 2300 utroque
349 2214 481 2279 diversa
504 2218 572 2280 est:
600 2213 682 2279 illud
706 2217 836 2300 spectat
861 2214 903 2280 ad
927 2215 969 2297 id,
1001 2216 1090 2301 quod
1113 2215 1148 2279 in
1172 2218 1306 2281 contro-

184 2321 328 2386 versiam
352 2322 455 2405 venit
490 2321 574 2387 haec
603 2320 645 2386 ad
675 2321 933 2404 argumentandi
957 2322 1056 2387 iriam.
1101 2321 1218 2408 Neque
1243 2323 1305 2388 sub

183 2428 354 2494 notionem
378 2428 627 2494 constitutionis
652 2429 778 2494 cadunt
801 2430 1003 2511 testimonia
1027 2430 1242 2514 quaestiones
1266 2451 1306 2495 ac

182 2537 361 2617 tormenta,
378 2534 634 2617 iusiurandum,
657 2557 744 2622 quae
762 2537 875 2601 omnia
892 2535 1076 2600 secundum
1092 2536 1306 2602 Aristotelem

184 2641 278 2721 (rhet.
295 2644 325 2706 A
352 2643 392 2707 15
416 2665 445 2728 p.
465 2643 549 2710 1375
559 2665 588 2720 a,
599 2643 654 2724 24)
676 2651 742 2708 τῶν
765 2646 906 2727 ἀτέχνων
927 2646 1063 2708 πίστεων
1086 2647 1174 2709 sunt.

189 2795 193 2803 ¹
271 2767 384 2832 Tertia
415 2771 530 2832 autem
554 2766 722 2833 distinctio
751 2769 996 2854 quaestionum,
1031 2788 1098 2853 qua
1128 2766 1163 2830 hi
1193 2770 1305 2832 slatus

182 2873 328 2957 primarii
356 2873 604 2940 discernuntur:
636 2876 827 2941 coniectura
859 2880 914 2956 (an
939 2874 1006 2960 sit),
1040 2874 1190 2940 definitio
1215 2874 1305 2960 (quid

183 2979 247 3066 sit),
271 2980 417 3066 qualitas
441 2982 553 3068 (quale
575 2984 640 3067 sit),
666 3003 741 3046 cum
765 2982 829 3046 hae
853 2981 1086 3050 distributione
1102 2981 1306 3047 Aristotelea

184 3086 323 3157 conferri
354 3091 474 3175 potest,
508 3090 573 3154 nisi
604 3089 692 3174 quod
725 3092 762 3153 ut
794 3109 916 3153 causae
948 3089 1101 3174 quaestio
1134 3088 1177 3153 ad
1205 3109 1304 3171 argu-

184 3195 428 3260 mentationem
451 3196 605 3281 pertinet,
631 3197 680 3261 ita
703 3216 772 3260 non
796 3199 847 3260 est
872 3197 984 3260 status
1007 3193 1109 3280 (anal.
1134 3197 1218 3280 post.
1238 3195 1301 3260 Ill

182 3321 212 3387 p.
232 3303 276 3368 89
284 3302 315 3385 b,
328 3302 399 3387 23):
456 3304 499 3367 Τὰ
531 3306 707 3387 ζητούμενά
738 3306 817 3368 ἐστιν
849 3307 899 3368 ἴσα
929 3303 983 3366 τὸν
1014 3303 1153 3386 ἀριθμὸν
1184 3305 1304 3385 ὅσαπερ

184 3411 385 3492 ἐπιστάμεθα.
415 3414 569 3494 ζητοῦμεν
593 3412 628 3475 δὲ
654 3414 791 3493 τέτταρα,
818 3412 854 3474 τὸ
878 3412 932 3484 ὅτι,
955 3411 991 3474 τὸ
1016 3411 1101 3495 διότι,
1131 3413 1159 3474 σι’
1180 3413 1250 3485 ἔστι,
1277 3413 1306 3474 τί

184 3518 269 3580 ἔστιν.
302 3519 376 3580 ὅταν
406 3519 465 3600 μὲν
489 3519 549 3600 γὰρ
564 3520 699 3601 πότερον
714 3520 786 3582 τόδε
802 3521 822 3601 ἥ
837 3519 909 3581 τόδε
927 3520 1080 3601 ζητῶμεν,
1105 3521 1147 3588 εἷς
1164 3519 1304 3601 ἀριθμὸν

272 3731 289 3799 ¹)
309 3729 380 3783 Earn
404 3730 563 3784 Alexander
588 3747 698 3801 quoque
723 3730 847 3800 Aphrod.
882 3730 925 3784 his
951 3730 1043 3784 verbis
1067 3729 1240 3798 significavit
1266 3729 1303 3798 (in

184 3819 270 3873 Arist.
289 3822 348 3889 top.
367 3835 394 3888 p.
408 3818 497 3883 82,19
515 3819 621 3888 Wall.):
641 3815 690 3885 ’ήδη
709 3815 738 3872 δέ
748 3838 815 3874 τινες
832 3820 920 3874 θέσεις
937 3822 982 3869 καὶ
1000 3818 1034 3869 τὰ
1053 3817 1179 3887 ῥητορικὰ
1197 3814 1305 3869 καλοῦσι

181 3904 366 3978 προβλὴματα,
392 3905 425 3976 ἐφ
445 3899 496 3958 ’ὧν
519 3907 549 3958 τὸ
568 3911 614 3972 τῆς
631 3907 782 3963 ὑποθέσεως
799 3907 884 3975 ’ὄνομα
903 3893 1092 3976 συνηθέστερον
1109 3909 1146 3971 τῷ
1166 3895 1251 3958 δοκεῖν
1268 3906 1303 3958 τὰ

181 4000 290 4048 τοιαῦτα
315 3995 359 4048 ἐπὶ
381 3995 559 4064 ὑποκειμένοις
584 4002 636 4048 τισὶ
661 4001 706 4048 καὶ
725 3997 740 4048 d
747 3999 877 4067 perpriscis
895 3997 1075 4048 συνίστασθαι·
1094 3993 1234 4066 καινότερα
1252 3995 1303 4065 γὰρ

184 4086 217 4136 τὰ
237 4082 386 4138 διαλεκτικὰ
405 4089 451 4136 καὶ
468 4083 678 4156 καθολικωτὲρα.

271 4177 291 4244 ¹²)
312 4175 356 4230 W.
385 4175 467 4239 V90,
484 4175 527 4229 26.
572 4174 614 4229 ef.
640 4177 672 4229 H.
692 4176 779 4239 Rabe,
806 4175 848 4228 De
874 4174 1067 4245 christophori
1096 4177 1245 4227 comment.
1274 4174 1303 4227 in

184 4263 314 4333 Hermog.
333 4264 392 4318 libr.
412 4284 441 4317 ιτ.
461 4263 535 4316 στὰσ.
556 4265 634 4332 (Mus
655 4264 743 4322 Rhen.
763 4264 818 4318 vol.
838 4265 860 4317 L
879 4281 906 4334 p.
919 4263 990 4332 245).
