3198 5054
404 1344 578 1418 CAPlTlS
602 1347 753 1419 TERTll
780 1346 928 1419 PRIOR
954 1345 1077 1420 PARS.

686 1505 794 1514 ...--.

69 1689 73 1698 .
178 1627 305 1708 QUID
330 1627 671 1698 HERMAGORAS
699 1627 761 1698 DE
785 1628 1024 1699 STATlBUS
1053 1627 1301 1701 DOCUERlT.

267 1787 429 1874 Imprimis
446 1787 610 1854 Ciceronis
633 1787 817 1854 rhetoricae
833 1787 965 1875 libris,¹)
990 1787 1186 1868 Quintiliani
1200 1790 1301 1855 insti·

177 1895 319 1960 tutionis
343 1893 544 1982 quibusdam
567 1893 658 1978 lociS,
682 1895 863 1978 Augustini
887 1895 927 1960 de
951 1895 1117 1961 rhetorica
1139 1897 1307 1962 tractatui·

177 2003 334 2067 notitiam
358 2001 528 2068 doctrinae
552 2001 797 2085 Hermagoreae
827 2001 994 2068 debemus.
1042 2003 1105 2083 Qui
1136 2003 1192 2068 alii
1223 2025 1301 2069 auc-

177 2112 266 2174 tores
299 2108 479 2174 adhibendi
509 2108 585 2192 sint,
616 2109 703 2174 intra
734 2108 930 2175 videbimus.
976 2108 1092 2196 Neque
1121 2113 1235 2176 autem
1266 2112 1300 2177 hi

178 2216 298 2298 tontes,
322 2218 362 2281 ut
383 2217 434 2282 ita
449 2216 566 2301 dicam,
591 2215 707 2302 liquidi
731 2220 820 2300 sunt,
844 2217 878 2282 id
896 2216 983 2302 quod
999 2217 1063 2282 viri
1079 2217 1168 2283 docti
1191 2217 1301 2284 adhuc

177 2343 296 2409 parum
326 2326 554 2409 respexerunt.
612 2323 730 2409 ltaque
767 2324 961 2410 priusquam
997 2324 1040 2389 ad
1076 2324 1300 2408 Hermagorae

178 2427 364 2496 doctrinam
387 2428 630 2495 restituendam
654 2430 840 2512 veniamus,
871 2429 1097 2516 quaerendum
1122 2452 1196 2496 esse
1219 2433 1301 2497 mihi

178 2537 319 2621 videtur,
344 2540 513 2624 quatenus
537 2536 571 2601 in
596 2538 643 2602 eis
667 2536 892 2623 scriptoribus,
925 2538 981 2622 qui
1010 2539 1082 2603 eius
1110 2537 1300 2622 fragmenta

177 2644 397 2728 tradiderunt,
423 2642 586 2710 adeundis
610 2644 766 2710 cautione
791 2665 875 2731 opus
899 2645 950 2709 sit.

266 2753 316 2816 Ac
349 2752 492 2837 primum
526 2749 660 2837 quidem
693 2750 898 2834 Ciceronem,
934 2772 1139 2838 quamquam
1173 2751 1300 2818 Piderit

177 2878 254 2923 eum
286 2859 321 2923 in
355 2857 540 2928 rhetoricae
573 2857 664 2924 libris
695 2857 920 2942 Hermagorae
949 2859 1093 2943 vestigia
1124 2860 1194 2925 eius
1226 2863 1297 2927 arte

176 2964 329 3050 inspecta
359 2986 426 3031 non
457 2965 575 3031 leviter
604 2966 766 3052 pressisse
799 2965 990 3048 arbitratur,
1000 2966 1025 3051 s)
1060 2968 1175 3032 tamen
1206 2967 1298 3034 haud

176 3092 301 3154 magna
323 3070 391 3138 fide
416 3071 553 3156 dignum
581 3094 655 3139 esse
685 3094 727 3138 ex
754 3072 807 3137 his
835 3076 982 3157 apparet.
1028 3071 1091 3137 Vel
1122 3076 1298 3160 propterea

176 3179 288 3243 cautio
312 3177 503 3244 adhibenda
534 3183 595 3264 est,
629 3177 718 3266 quod
741 3179 907 3245 Ciceronis
934 3178 1009 3244 libri
1039 3178 1223 3244 rhetoricae
1255 3202 1297 3246 ex

156 3285 433 3370 cementariis,
473 3287 507 3351 in
546 3307 629 3372 quos
669 3285 941 3351 adulescentulus
979 3286 1130 3369 magistri
1164 3286 1296 3352 scholas

176 3393 408 3481 regesserat,³)
440 3393 504 3458 orti
537 3395 626 3478 sunt,
663 3391 933 3480 quandoquidem
963 3391 1047 3458 talia
1078 3392 1203 3480 scripta
1233 3414 1296 3459 au-

176 3497 291 3563 ditoris
316 3499 421 3564 verba
452 3498 601 3565 celeriter
628 3501 824 3586 excipientis
854 3504 956 3586 atque
980 3499 1104 3583 ingenii
1127 3500 1297 3568 immaturi

175 3625 389 3692 nequaquam
414 3606 457 3672 ab
482 3607 645 3673 erroribus
674 3607 808 3673 absunt.
854 3609 903 3672 Ac
926 3627 1028 3692 quarn
1051 3609 1120 3672 non
1144 3607 1297 3690 alligetur

265 3820 284 3888 ²)
302 3819 344 3874 De
363 3819 417 3874 hac
436 3820 616 3890 inscriptione
640 3820 703 3874 vide
728 3821 760 3875 G.
779 3819 912 3874 Friderici
935 3821 1031 3874 adnot.
1052 3821 1112 3875 crit
1134 3838 1159 3891 p.
1173 3821 1295 3876 LXXXI.

303 3909 320 3963 1.
340 3909 385 3964 all.
425 3910 488 3963 .1.

264 3908 285 4067 :l
305 3998 360 4052 Cic.
382 3925 422 4052 dd
436 3909 480 4052 orl
495 3999 583 4062 Iao:
609 4020 638 4054 ι.
658 4041 664 4053 .
685 4015 758 4069 quae
783 3998 876 4069 pueris
901 4002 952 4052 aut
976 3998 1196 4053 adulescentulis
1214 3999 1295 4053 nobis

174 4101 208 4139 ex
228 4087 465 4141 commentariolis
484 4088 588 4142 nostris
606 4087 742 4141 incohata
755 4105 789 4142 ac
802 4087 882 4141 rudia
895 4087 1064 4153 exciderunt¹
1078 4109 1128 4135 -‹
1144 4087 1186 4142 cf.
1200 4087 1293 4154 Quint.

173 4175 211 4228 111
230 4176 255 4240 6,
270 4175 319 4229 59:
350 4176 441 4230 »Sunt
468 4177 542 4230 euim
570 4177 650 4230 velut
676 4181 804 4246 regestae
831 4177 860 4231 in
889 4176 942 4230 hos
970 4177 1194 4241 commentarios
1224 4192 1294 4246 quos

173 4264 340 4319 adulescens
353 4265 514 4331 deduxerat¹
529 4265 652 4331 scholae,
667 4269 696 4319 et
709 4265 732 4319 si
746 4282 802 4336 qua
815 4265 899 4319 estin
912 4266 956 4320 his
969 4266 1057 4336 culpa,
1071 4265 1210 4319 tradentis
1223 4269 1291 4320 est‹
