3198 5054
629 451 851 516 ,γτ-

174 625 195 690 l.
208 625 261 691 all.
275 624 295 713 ξ
311 627 373 693 150
384 648 454 713 sqq.
471 631 505 692 et
521 630 633 712 ἀρετῆς
650 626 881 695 definitionem
894 628 1040 695 Stoicam
1051 632 1074 712 1)
1092 632 1126 695 et
1142 633 1302 715 quattuor

175 753 300 816 genera
323 733 460 800 virtutis
484 733 665 800 secundum
684 734 815 801 Stoicos
836 734 1073 818 distinguenda
1095 738 1300 802 invenimus:

179 839 312 906 »Habet
325 891 331 905 .
345 892 352 904 .
366 892 372 906 .
386 837 441 924 (se.
450 842 568 925 virtus)
580 847 693 928 partes
706 846 880 928 quattuor:
891 843 1113 929 prudentiam,
1126 843 1300 927 iustitiam,

173 946 415 1030 fortitudinem,
448 949 735 1034 temperantiam«
795 949 839 1015 ot.
865 949 956 1016 Stob.
986 948 1156 1033 antholog.
1186 950 1250 1017 vol.
1270 951 1300 1016 ΙΙ

174 1076 204 1139 p.
221 1054 306 1134 60,9
323 1054 392 1120 W.:¹
424 1057 525 1120 Τῶν.
550 1106 556 1120 .
581 1059 702 1139 ἀρετῶν
732 1059 788 1129 τὰς
816 1059 876 1141 μὲν
906 1058 982 1122 εἶναι
1013 1060 1151 1141 πρώτας,
1181 1060 1236 1129 τὰς
1260 1060 1295 1123 ἀὲ

172 1170 238 1232 ταῖς
252 1165 393 1246 πρώταις
408 1165 667 1246 ὑποτεταγμένας·
684 1166 814 1247 πρώτας
830 1165 864 1229 ἀὲ
879 1168 1025 1247 τέτταρας
1036 1165 1121 1240 εἶναι,
1135 1167 1298 1250 φρόνησιν,

175 1271 399 1353 σωφροσύνην,
432 1271 587 1354 ἀνδρείαν,
617 1272 827 1355 δικαιοσύνην.
873 1271 974 1337 Porro
998 1270 1063 1337 hae
1087 1270 1301 1338 definitiones

174 1375 262 1440 inter
285 1396 321 1440 se
345 1374 588 1461 comparandae
614 1380 710 1443 sunt:
735 1377 808 1460 (oie.
826 1376 866 1443 de
891 1380 956 1444 ίαν.
974 1378 1002 1443 ΙΙ
1026 1378 1169 1462 53,160)
1197 1379 1300 1444 »Pru-

175 1481 291 1548 dentia
330 1486 383 1548 est
420 1504 528 1548 rerum
568 1483 732 1549 bonarum
771 1487 806 1550 et
839 1485 1004 1550 malarum
1039 1489 1299 1571 neutrarumque

174 1590 342 1656 scientia«
360 1618 405 1645 =
421 1590 526 1674 (Diog.
543 1589 577 1656 L.
589 1590 650 1655 Vll
674 1591 730 1675 92)
753 1592 809 1675 τὴν
834 1643 840 1654 .
866 1643 872 1655 .
897 1594 1052 1676 φρόνησιν
1076 1593 1152 1656 εἶναι
1176 1595 1298 1675 ἐπιστή-

172 1722 238 1779 μην
254 1704 366 1761 κακῶν
381 1699 435 1762 καὶ
451 1699 586 1781 ἀγαθῶν
600 1700 654 1762 καὶ
671 1700 856 1782 οὐδετέρων.
874 1697 979 1779 (Stob.
995 1697 1015 1764 l.
1028 1697 1081 1764 all.
1095 1720 1124 1783 p.
1138 1698 1190 1780 59,
1204 1699 1298 1781 5W.)

175 1801 248 1888 (Cic.
265 1803 285 1868 l.
303 1803 356 1870 all.
373 1801 393 1890 ξ
412 1803 485 1890 160)
513 1805 665 1870 »lustitia
682 1808 734 1869 est
749 1804 888 1870 habitus
904 1806 1007 1870 animi
1023 1807 1189 1870 communi
1205 1805 1298 1870 utili-

173 1913 246 1975 tate
263 1913 463 1976 conservata
479 1931 576 1975 suam
592 1911 711 1996 cuique
727 1911 877 1976 tribuens
893 1910 1119 1994 dignitatem«
1135 1953 1178 1984 se
1195 1911 1297 1994 (Stob.

172 2015 191 2082 l.
217 2017 269 2082 all.
285 2038 314 2103 p.
332 2017 384 2099 59,
396 2017 416 2082 9
429 2017 493 2103 W.)
518 2020 744 2102 δικαιοσύνην.
763 2070 768 2082 .
790 2021 962 2103 ἐπιστήμην
986 2020 1221 2103 ἀπανεμητικὴν
1242 2028 1298 2104 τῆς

173 2115 262 2199 ἀξίας
285 2126 417 2208 ἑκάστῳ.
466 2123 511 2190 Of.
534 2124 611 2190 ibid.
635 2130 665 2212 p'.
682 2125 737 2208 63,
750 2126 801 2191 22.
826 2125 899 2211 (Cic.
923 2125 942 2191 l.
960 2125 1012 2191 all.
1030 2124 1050 2213 ξ
1069 2125 1142 2210 163)
1171 2126 1297 2191 »Forti-

173 2231 254 2296 tudo
291 2233 344 2296 est
377 2231 588 2298 considerata
622 2231 842 2318 periculorum
877 2235 1044 2319 susceptio
1081 2236 1116 2298 ct
1145 2232 1298 2299 laborum

173 2336 381 2426 permissioni}
404 2380 442 2411 m
478 2339 581 2421 (Stob.
604 2339 623 2404 l.
648 2338 700 2405 all.
725 2362 755 2425 p.
779 2341 831 2422 60,
850 2341 889 2406 14
903 2341 965 2422 W.)
1003 2343 1060 2424 τὴν
1085 2377 1091 2404 .-
1116 2393 1122 2405 .
1151 2342 1300 2424 ἀνδρείαν

172 2448 243 2528 περὶ
273 2447 328 2517 τὰς
350 2449 525 2530 ύπομονάς.
574 2445 619 2512 Cf.
643 2444 719 2511 ibid.
744 2469 773 2532 p.
791 2446 843 2529 63,
857 2447 908 2512 20.
956 2447 1030 2528 (Cio.
1054 2446 1073 2512 l.
1099 2447 1150 2512 all.
1175 2445 1195 2534 ξ
1223 2447 1296 2528 164)

177 2553 431 2638 »Temperantia
455 2556 507 2619 est
526 2553 666 2619 rationis
689 2554 725 2620 in
748 2553 921 2620 libidinem*
942 2557 1044 2640 atque
1068 2555 1102 2618 in
1119 2553 1203 2619 alios
1228 2574 1296 2619 non

172 2663 280 2726 rectos
310 2660 456 2745 impetus
489 2661 591 2726 animi
621 2660 721 2726 firma
754 2664 789 2727 et
816 2660 990 2727 moderata
1015 2659 1225 2726 dominatio<
1253 2701 1295 2732 Α.

173 2766 278 2852 (Stob.
302 2767 321 2833 l.
338 2766 390 2834 oll.
412 2788 441 2853 p.
458 2768 510 2851 60,
528 2768 642 2853 13W.)
663 2770 718 2852 τὴν
742 2820 748 2832 .
775 2821 781 2832 .
806 2771 1021 2852 σωφροσύνην
1036 2770 1107 2852 περὶ
1122 2753 1177 2838 τάς
1193 2769 1297 2851 ὁρμάς

172 2883 227 2939 τοῦ
251 2877 438 2958 ἀνθρώπου.
478 2874 523 2941 Of.
547 2875 624 2940 ibid.
647 2897 677 2961 p.
694 2875 746 2958 63,
765 2876 820 2939 15ε
844 2885 898 2959 τῆς
923 2927 928 2939 .
955 2930 960 2943 .
985 2878 1200 2960 σωφροσύνης
1215 2877 1296 2940 ἴὸιον

172 2985 344 3064 κεφάλαιόν
367 2986 428 3048 ἐστι
450 2984 486 3047 τὸ
509 2985 705 3066 παρέχεσθαι
723 2983 778 3053 τὰς
794 2984 898 3065 ὁρμὰς
914 2985 1076 3055 εὐσταθεῖς
1091 2985 1144 3046 καὶ
1159 2985 1296 3066 θεωρεῖν

173 3090 268 3160 αὐτὰς
298 3093 557 3173 προηγουμένως.
604 3088 734 3154 Similes
767 3088 978 3154 definitiones
1011 3089 1147 3155 exhibet
1178 3093 1294 3154 auctor

173 3195 215 3262 ad
247 3194 451 3261 Herennium
484 3197 518 3260 in
548 3195 631 3261 libro
662 3195 761 3261 tertio
793 3195 835 3278 (2,
849 3195 890 3276 3).
937 3195 1052 3281 Neque
1076 3198 1191 3261 autem
1213 3195 1295 3260 item

173 3303 299 3388 species
323 3305 483 3388 quattuor
506 3301 738 3388 principalium
760 3302 925 3368 virtutum
947 3324 968 3367 a
984 3301 1140 3368 Cicerone
1158 3323 1294 3367 enume-

171 3413 266 3475 ratae
299 3409 582 3496 comparationem
606 3409 804 3494 admittunt,
836 3412 1001 3496 quantum
1034 3410 1197 3493 videmus,
1230 3409 1295 3474 nisi

173 3515 261 3602 quod
284 3516 348 3582 hae
373 3511 586 3584 definitiones
609 3517 679 3583 fere
702 3517 790 3582 inter
814 3539 849 3582 se
865 3516 1086 3603 respondent:
1111 3516 1188 3602 (oio.
1205 3516 1224 3582 l.
1241 3516 1294 3582 all.

173 3620 193 3709 ξ
222 3622 297 3712 161)
332 3623 477 3708 »Religio
511 3627 573 3706 est,
609 3645 695 3710 quae
727 3624 904 3709 superioris
937 3623 1110 3689 cuiusdam
1140 3627 1293 3706 naturae,

174 3751 274 3815 quam
299 3729 446 3797 divinam
469 3735 603 3813 vocant,
628 3752 741 3797 curam
766 3731 1065 3816 caerimoniamque
1089 3730 1226 3796 adfert«
1250 3771 1294 3803 m

173 3835 279 3913 (Stob.
303 3836 322 3902 l.
339 3837 391 3903 all.
407 3860 437 3923 p.
454 3838 507 3922 62,
521 3840 541 3902 2
554 3837 617 3920 W.)
642 3841 802 3922 εὐσέβειαν
826 3893 832 3905 .
858 3890 863 3901 .
888 3840 1060 3922 ἐπιστήμην
1083 3839 1172 3902 θεῶν
1194 3839 1292 3921 θερα-

171 3963 385 3974 μ..-

264 4015 282 4084 1)
302 4015 382 4070 Hanc
401 4016 475 4069 enim
494 4015 589 4070 Cicero
608 4016 708 4071 tradit:
736 4016 842 4070 >virtus
869 4018 913 4070 est
937 4014 1022 4068 animi
1042 4015 1155 4069 habitus
1174 4015 1294 4068 naturae

173 4105 257 4159 modo
283 4107 369 4176 atque
392 4103 494 4158 rationi
519 4107 762 4168 consentaneus«,
789 4121 910 4175 quacum
934 4104 1058 4158 concinit
1083 4103 1140 4158 ista
1164 4103 1292 4157 definitio

175 4194 334 4249 Stoicorum
352 4210 370 4247 a
389 4193 514 4248 Stobaoo
533 4193 640 4247 tradita
659 4193 798 4261 11160,7);
827 4193 875 4258 τὴν
893 4191 989 4262 ἀρετὴν
1008 4189 1129 4245 διάθεσιν
1148 4187 1216 4244 εἶναι’
1227 4211 1293 4260 φασι

173 4285 253 4353 φυχῆς
277 4281 416 4350 σύμφωνον
439 4281 504 4347 atrii
527 4285 588 4351 περὶ
606 4279 668 4334 ὅλον
685 4282 733 4334 τὸν
751 4282 809 4351 βίον
827 4279 1046 4351 (ὁμολογουμένην
1065 4280 1138 4350 φύσει
1158 4280 1291 4350 175,10])
