3198 5054
627 412 670 421 -
721 373 782 438 113
828 409 884 420 —*

190 555 276 618 auct.
294 551 337 617 ad
352 551 455 618 Harl
470 551 519 633 16,
533 551 588 617 26:
609 553 774 637 »Reperta
785 551 988 617 iudicatione
1001 571 1133 618 omnem
1144 552 1311 619 rationem

189 661 293 726 totius
311 659 470 725 orationis
488 679 525 724 eo
543 659 682 724 conferri
697 658 888 744 oportebit«
924 656 986 724 Cic.
1004 658 1044 724 de
1060 658 1126 724 inv.
1142 657 1171 724 ll
1190 659 1240 742 17,
1254 659 1309 724 52:

192 763 1307 851 »Ad..iudicationemargumentationesomnesadferreoportebit.«

189 873 253 939 Oie.
267 875 352 959 part.
369 893 413 938 or.
430 873 482 957 31,
500 873 576 938 109:
611 872 837 958 »Disceptatio
861 924 868 938 .
892 923 898 937 .
923 893 999 937 eum
1030 876 1083 939 est
1114 873 1309 955 constituta,

189 981 395 1067 propositum
419 1001 493 1045 esse
509 979 609 1046 debet
625 980 756 1062 oratori,
782 1000 847 1065 quo
869 1001 985 1046 omnes
1001 980 1310 1062 argumentationes

189 1089 351 1173 repetitae
388 1109 430 1152 ex
466 1086 661 1153 inveniendi
698 1086 778 1153 locis
814 1087 1048 1153 conicientur«
1108 1086 1197 1179 Sulp.
1225 1086 1310 1152 Vict.

189 1216 218 1281 p.
235 1195 310 1278 325,
325 1196 358 1260 5:
386 1194 524 1260 »Status
549 1197 602 1259 est
617 1216 749 1260 summa
773 1194 935 1280 quaestio,
961 1194 1003 1260 ad
1020 1215 1121 1280 quam
1136 1193 1312 1260 referende

190 1304 241 1368 est
254 1302 363 1368 omnis
376 1301 538 1388 oratio.«¹)
562 1303 668 1387 Atqui
678 1300 883 1387 relinquitur,
897 1305 937 1366 ut
945 1300 1127 1368 difficultas
1136 1301 1310 1387 quaedam,

190 1431 277 1496 quae
309 1409 465 1494 oboritur,
497 1412 718 1475 removeatur.
765 1407 897 1473 Etenim
921 1408 1031 1474 Cicero
1064 1413 1098 1474 et
1121 1415 1238 1474 auctor
1268 1409 1312 1476 ad

190 1517 275 1600 Her,
301 1537 505 1602 quamquam
521 1516 705 1580 secundum
723 1536 780 1580 eos
796 1517 886 1602 ipsos
903 1516 1090 1581 erratione
1107 1514 1310 1582 defensionis

190 1627 226 1688 et
249 1643 290 1688 ex
314 1623 526 1689 firmamento
544 1622 767 1688 accusationis
787 1622 946 1688 iudicatio
962 1625 1122 1688 nascatur
1142 1625 1311 1710 oportetll

190 1735 306 1796 tamen
330 1729 601 1796 consttutionem
620 1730 877 1795 coniecturalem
901 1730 1079 1814 excipiunt,
1105 1728 1193 1816 quod
1208 1731 1243 1795 in
1260 1751 1309 1813 ea,

191 1860 257 1923 qua
280 1838 408 1902 iactum
432 1833 558 1902 crimini
582 1836 698 1901 datum
715 1840 864 1920 negetur,
888 1836 960 1902 eius
981 1837 1067 1902 ratio
1084 1859 1218 1923 unaque
1236 1859 1309 1903 cum

191 1966 232 2010 ea
248 1943 343 2009 deest
359 1944 564 2010 accusatoris
580 1943 769 2026 infirmatio,
791 1947 830 2009 ut
846 1942 1004 2026 iudicatio
1020 1945 1087 2009 iam
1104 1945 1311 2030 oppositione

189 2055 401 2136 cccccccccc
432 2055 467 2117 et
490 2055 685 2136 cccccccccc
714 2052 810 2138 fiaqc)
857 2051 923 2117 Sed
953 2051 1193 2135 Hermagoram
1224 2052 1312 2118 hanc

189 2159 445 2245 repugnantiam
471 2157 645 2224 admisisse
668 2161 725 2224 vix
749 2161 802 2223 est
825 2159 986 2242 credibile,
1015 2180 1053 2224 eo
1077 2161 1197 2242 minus,
1223 2159 1309 2245 quod

191 2267 306 2331 statim
316 2287 390 2331 eam
402 2265 518 2331 tollere
530 2287 718 2351 possumne,
734 2265 911 2331 dummodo
923 2267 1092 2352 proprium
1102 2267 1310 2332 coniecturae

190 2374 414 2460 respiciamus.
468 2371 552 2438 Vide
584 2371 672 2457 Sulp.
697 2373 781 2438 Vict.
805 2394 834 2458 p.
859 2373 934 2455 325,
948 2374 1004 2438 21:
1039 2372 1129 2439 »Hoc
1160 2374 1231 2438 eius
1260 2377 1312 2439 est

190 2480 366 2566 proprium,
400 2479 496 2566 quod,
529 2500 614 2565 quae
646 2484 817 2566 ponuntur
839 2479 874 2543 in
898 2501 1010 2561 causa,
1043 2501 1111 2546 non
1133 2481 1208 2566 ipsa
1231 2484 1313 2545 sunt

191 2587 335 2671 crimina,
354 2587 412 2652 sed
429 2573 601 2652 criminum
618 2586 753 2672 signat)
769 2590 808 2651 ut
820 2587 847 2651 si
860 2607 935 2652 reus
949 2586 993 2652 sit
1006 2585 1100 2652 dives
1113 2587 1310 2654 adulescens

190 2693 380 2760 adfectatae
404 2693 600 2780 tyrannidis
624 2692 713 2779 quod
736 2715 846 2760 arcem
869 2695 1074 2779 praeteriens
1098 2693 1190 2760 fleat.
1236 2694 1310 2760 Non

191 2801 288 2885 enim,
314 2800 402 2886 quod
424 2800 517 2867 illam
540 2805 692 2867 transeat
714 2801 768 2866 vel
792 2800 881 2886 quod
903 2801 996 2885 fleat,
1022 2801 1145 2867 crimen
1169 2803 1228 2884 est,
1243 2801 1310 2868 sed

189 2907 274 2973 haec
305 2909 400 2990 signa
432 2913 520 2993 sunt,
554 2930 655 2994 quare
686 2907 898 2993 tyrannidem
930 2907 1098 2974 adfectare
1127 2909 1307 2974 videatur«

191 3017 301 3100 Atque
332 3015 417 3081 haec
448 3037 551 3080 causa
583 3014 765 3080 secundum
797 3014 1021 3097 Hermagorae
1053 3020 1233 3101 praecepta
1265 3018 1312 3081 sic

190 3123 257 3188 fere
282 3123 519 3188 constituenda
542 3126 602 3187 est.

279 3249 481 3331 Κατάφασις·
507 3246 730 3334 Tyrannidem
755 3247 902 3312 affectae.
1001 3345 1004 3350 Ι

274 3357 462 3438 'cccccccccc
488 3355 562 3419 Non
586 3353 719 3420 affecto.

275 3463 461 3533 Ὑπόϋεσις·
486 3460 677 3526 Affectetne
701 3460 937 3546 tyrannidem?

190 3677 218 3729 in
238 3677 349 3745 singula
373 3693 477 3744 genera
502 3675 613 3746 copiam
633 3678 863 3744 argumentorum
883 3675 1040 3739 contulerit,
1060 3675 1146 3728 finem
1166 3690 1312 3742 argumen-

190 3766 270 3819 tandi
289 3765 467 3819 intellexerit.
492 3764 524 3817 V.
538 3765 582 3818 W.
596 3765 645 3817 Vll
660 3763 760 3828 l73,3:
782 3762 859 3831 φάσιν
877 3762 894 3828 ἡ
912 3761 1042 3829 ἆνωτάτη,
1061 3761 1127 3833 πρὸς
1145 3761 1177 3826 ἡν
1196 3757 1227 3814 αἱ
1242 3763 1311 3814 κατὰ

189 3856 268 3922 μέρος
293 3851 440 3916 ἀποδείξεις
459 3852 645 3923 ἀναφέρονται.
673 3853 717 3907 W.
737 3853 931 3916 V78‚10.19.

280 3945 299 4013 ²)
318 3943 399 3997 Adde
411 3943 466 3996 lul.
480 3942 551 3997 Vict.
565 3960 591 4013 p.
605 3943 666 4007 376,
677 3943 708 3996 ὃς
729 3947 831 4006 statue,
845 3942 899 3996 hoc
912 3945 957 3995 est
968 3938 999 3992 cc
1011 3939 1165 4011 κρινόμενον
1179 3940 1248 4010 (375,
1259 3941 1311 4009 35).

279 4033 299 4101 1)
319 4033 361 4087 De
379 4033 436 4084 inv.
456 4033 467 4084 Ι
483 4033 582 4098 14,18;
603 4036 678 4087 auct.
699 4032 735 4085 ad
754 4031 817 4085 Her.
832 4032 843 4085 I
859 4031 899 4093 16,
910 4030 954 4084 26.

281 4123 299 4190 ³1
318 4122 360 4175 De
378 4122 434 4175 inv.
454 4121 580 4186 114,1e;
601 4125 676 4174 auct.
696 4121 731 4174 ad
751 4121 814 4174 Her.
829 4121 848 4185 I,
864 4121 904 4184 17,
924 4119 971 4185 27;
990 4122 1062 4189 part.
1083 4135 1121 4173 or.
1140 4117 1183 4183 30,
1199 4117 1257 4174 104.

279 4211 298 4281 4)
320 4211 362 4266 Cf.
381 4210 425 4264 W.
439 4211 464 4264 V
479 4209 537 4274 120,
548 4210 572 4263 4.
720 4285 722 4287 Ι

243 4306 362 4351 Jaencke.
1116 4297 1134 4350 8
