3224 5044
770 439 991 506 ,40-

324 619 390 702 illa,
420 619 507 684 sitne
536 616 661 705 aliquid
685 637 799 700 neone,
831 618 903 699 hac,
935 617 1012 703 quid
1037 616 1163 703 aliquid
1185 619 1239 699 sit,
1264 620 1443 682 statuatur.

322 727 370 793 De
387 725 631 808 significatione
644 727 831 796 ὑποθέσεως
846 723 922 789 vide
938 727 1121 810 praeterea,
1147 744 1234 809 quae
1250 722 1444 789 'l'heodoms

321 833 433 899 Waitn
457 832 499 900 ad
525 832 611 897 anal.
627 831 703 917 pr.I
727 830 769 896 23
793 852 823 916 p.
841 831 885 897 40
894 831 924 911 b,
939 831 981 896 25
1006 831 1169 916 exposuit.
1213 831 1306 902 Θέσις
1329 834 1443 895 σιτίσαι

321 961 454 1026 prorsus
480 938 574 1004 aliter
597 959 637 1004 ac
659 938 730 1003 loco
755 939 853 1004 modo
879 937 981 1003 allato
1004 938 1040 1002 in
1063 937 1158 1022 topl
1180 937 1216 1002 11
1240 958 1270 1022 p.
1290 937 1389 1018 104b,
1403 936 1443 1002 19

323 1047 516 1134 explicatur,
545 1045 603 1110 ubi
633 1045 716 1110 haec
740 1045 863 1130 scripta
887 1043 1056 1110 videmus:
1091 1047 1179 1116 θέσις
1203 1046 1238 1109 δέ
1261 1047 1340 1109 ἐστιν
1363 1047 1442 1108 ὑπό-

322 1156 416 1237 ληψις
438 1155 622 1236 παράδοξος
644 1159 708 1216 τῶν
732 1155 904 1236 γνωρίμων
926 1153 1009 1223 τινὸς
1036 1153 1115 1215 κατὰ
1145 1154 1344 1234 φιλοσοφίαν,
1376 1153 1444 1215 οἷον

323 1263 368 1325 ὅτι
390 1263 450 1324 οὐκ
474 1263 553 1324 ἔστιν
569 1262 740 1342 ἀντιλέγειν,
765 1261 914 1342 καθάπερ
931 1262 992 1342 ἔφη
1012 1259 1220 1341 Ἀντισθένης,
1244 1263 1263 1341 ἢ
1280 1260 1326 1322 ὅτι
1341 1261 1442 1322 πάντα

322 1375 446 1432 κινεῖται
469 1369 545 1430 καθ’
565 1366 775 1450 Ἡράκλειτον,
803 1371 822 1449 ἢ
847 1368 892 1430 ὅτι
915 1369 950 1430 ἓν
972 1367 1008 1430 τὸ
1032 1369 1077 1439 ὄν,
1107 1367 1256 1448 καθάπερ
1283 1366 1443 1435 Μέλισσός

322 1499 426 1557 φησιν.
459 1473 522 1538 Sed
541 1477 579 1538 ut
599 1474 666 1538 iam
683 1471 884 1554 Protagoras
900 1475 1003 1544 θέσεις
1018 1471 1228 1537 universales
1244 1473 1440 1555 sententias,

322 1580 362 1645 de
385 1580 507 1665 quibus
530 1581 565 1645 in
582 1583 758 1664 utramque
782 1583 913 1663 partem
929 1578 1173 1664 disputabatur,
1198 1577 1372 1661 intellexit,
1397 1580 1443 1644 sic

322 1687 511 1753 Aristotelis
535 1689 649 1752 aetate
677 1688 780 1757 θέσεις
807 1706 875 1750 non
899 1685 1007 1750 solum
1031 1684 1211 1772 paradoxa,
1245 1685 1304 1751 sed
1328 1705 1442 1750 omnes

320 1795 388 1859 lere
413 1792 629 1880 quaestiones
646 1792 838 1858 dialecticae
854 1791 1144 1875 intellegebantur,
1169 1792 1264 1857 cuius
1280 1793 1328 1858 rei
1343 1793 1442 1857 testi-

210 1947 215 1954 ·
321 1901 432 1966 monio
457 1903 538 1966 sunt
561 1901 645 1965 haec
668 1899 772 1965 verba
797 1898 826 1981 (l.
843 1899 896 1966 all.
913 1898 969 1964 lin.
985 1899 1055 1982 34):
1081 1901 1194 1984 σχεδὸν
1218 1901 1441 1964 devoverim

319 2011 355 2072 τὰ
392 2008 566 2072 διαλεκτικὰ
598 2008 808 2089 προβλήματα
843 2009 947 2078 θέσεις
980 2010 1156 2071 καλοῦνται.
1216 2004 1310 2071 Adde
1341 2005 1441 2089 laeda,

320 2136 403 2199 quos
427 2113 560 2195 collegit
588 2111 667 2179 Otto
691 2112 780 2177 Jahn
805 2112 847 2178 ad
871 2112 932 2178 Oio.
958 2118 1039 2179 orat.
1064 2112 1084 2200 ξ
1109 2112 1167 2180 46;
1218 2113 1274 2177 »In
1296 2112 1361 2178 hac
1384 2113 1441 2197 (sc.

320 2221 416 2305 θέσει)
456 2220 652 2286 Aristoteles
699 2218 930 2285 adolescentes
968 2241 1037 2285 non
1083 2220 1125 2285 ad
1172 2219 1443 2306 philosophorum

320 2347 444 2392 morem
467 2329 613 2393 tenuiter
644 2324 836 2409 disserendi,
869 2327 927 2392 sed
960 2327 1002 2392 ad
1035 2327 1164 2412 copiam
1195 2327 1375 2410 rhetorum,
1407 2327 1442 2390 in

319 2438 495 2520 utramque
530 2439 660 2520 partem
698 2437 738 2500 ut
773 2434 922 2499 ornatius
959 2437 993 2499 et
1032 2418 1166 2499 uberius
1214 2432 1276 2498 dici
1317 2437 1440 2518 posset,

321 2543 494 2607 exercuit.·«
538 2543 632 2606 Tusc.
649 2542 677 2605 Π
694 2543 723 2625 3,
738 2542 774 2607 9:
810 2571 834 2605 >›.
860 2591 867 2605 .
891 2540 971 2604 mihi
996 2539 1441 2627 semper‚Peripatetic'orum

320 2648 586 2734 Academiaeque
611 2648 816 2714 consuetudo
841 2647 882 2713 de
906 2648 1060 2713 omnibus
1084 2649 1184 2714 rebus
1206 2649 1241 2713 in
1259 2647 1441 2713 contrarias

322 2755 426 2841 partis
450 2753 632 2820 disserendi
655 2774 723 2818 non
748 2754 789 2819 ob
814 2775 889 2820 eam
913 2776 1051 2820 causam
1067 2754 1176 2821 solum
1192 2755 1327 2841 placuit,
1353 2755 1440 2840 quod

322 2862 418 2928 aliter
448 2882 517 2925 non
547 2864 669 2947 posset,
701 2860 780 2947 quid
807 2861 842 2925 in
874 2883 1006 2947 quaque
1038 2883 1072 2926 re
1101 2861 1171 2928 veri
1203 2861 1308 2927 simile
1340 2874 1441 2942 esset,

320 2967 470 3049 inveniri,
503 2967 688 3034 sedetiam
712 2969 801 3054 quod
825 2972 916 3034 esset
946 2989 988 3034 ea
1018 2969 1166 3034 maxima
1194 2968 1323 3034 dicendi
1347 2990 1441 3033 exer-

320 3076 461 3141 citatio«
512 3075 621 3155 Quint.
637 3074 698 3141 ΧΠ
722 3075 752 3156 2,
766 3076 825 3140 25:
861 3075 1095 3161 »Peripatetici
1117 3076 1229 3141 studio
1253 3097 1384 3161 quoque
1405 3096 1440 3140 se

319 3182 464 3268 quodam
488 3184 630 3248 oratorio
655 3183 798 3266 iactant3
822 3203 902 3247 nam
925 3182 1039 3248 theses
1063 3181 1168 3249 dicere
1194 3183 1441 3249 exercitationis

319 3291 427 3372 gratia
442 3289 512 3354 fere
530 3291 582 3354 est
598 3289 640 3354 ab
656 3290 696 3354 iis
713 3290 934 3355 institutum«
969 3290 1062 3373 Diog.
1079 3290 1112 3355 L.
1126 3291 1156 3355 V
1173 3291 1209 3356 3:
1230 3292 1441 3373 Ἀριστοτέλης

318 3399 400 3480 πρὸς
429 3399 518 3460 θέσιν
546 3398 759 3480 συνεγύμναζε
789 3397 861 3468 τοὺς
891 3399 1048 3482 μαθητάς,
1080 3402 1146 3481 ἅμα
1177 3400 1231 3462 καὶ
1262 3401 1441 3482 ῥητορικῶς

320 3507 478 3568 ἐπασκῶν.
511 3501 636 3567 Theon.
652 3523 822 3589 progymn.
839 3504 870 3586 2,
884 3505 905 3569 8
929 3504 998 3590 (Sp.
1014 3504 1043 3568 ΙΙ
1059 3505 1172 3591 ss9,1):
1202 3507 1440 3588 παραδείγματα

320 3661 326 3673 .
352 3661 357 3674 .
381 3619 436 3694 τῆς
450 3617 515 3675 τῶν
530 3612 654 3675 θέσεων
670 3615 843 3693 γυμνασίας
858 3614 964 3696 λαβεῖν
980 3614 1041 3676 ἐστι
1056 3615 1143 3694 παρά
1163 3637 1195 3676 τε
1210 3613 1440 3695 Ἀριστοτέλους

318 3719 372 3782 καί
406 3717 623 3800 Θεοφράστου·
636 3715 659 3802 1)
697 3719 798 3782 πολλὰ
834 3721 894 3802 γάρ
926 3721 1005 3783 εὀτιν
1039 3721 1145 3782 αὐτῶν
1178 3720 1280 3802 βιβλία
1315 3719 1440 3782 θέσεων

320 3827 566 3908 ἐπιγραφόμενα.
611 3823 728 3910 Itaque
751 3825 910 3911 imprimis
943 3825 985 3889 ab
1009 3825 1189 3890 Aristotele
1222 3824 1358 3910 eiusque
1390 3823 1441 3888 di-

318 4072 348 4124 τὸ
368 4069 518 4143 ἀδιαίρετον
541 4069 608 4124 εἶναι
633 4072 701 4124 κατὰ
726 4071 756 4123 τὸ
780 4070 870 4124 ποσόν·
895 4071 1020 4128 ὑπόθεσις
1043 4069 1118 4124 d⁰otu
1137 4073 1199 4125 ἔστι·
1218 4072 1249 4125 τὸ
1268 4072 1318 4142 γὰρ
1337 4073 1366 4124 τί
1383 4071 1438 4124 ἐστι

297 4152 400 4229 1μονθις
417 4166 461 4213 καὶ
479 4161 509 4212 τὸ
529 4157 597 4213 εἶναι
613 4157 717 4229 μονάδα
736 4160 765 4212 ot
783 4160 887 4214 ταίιτὸν.

409 4271 426 4339 1)
446 4271 519 4323 Max.
531 4267 667 4333 Schmidt,
679 4269 720 4322 De
730 4268 926 4339 Theophrasto
937 4269 1058 4324 rhetore.
1079 4267 1155 4323 Halis
1167 4269 1244 4324 1839.
1263 4287 1290 4340 p.
1300 4269 1368 4334 27,5
1378 4285 1439 4340 sqq.
1472 4333 1474 4339 Ι
