3198 5054
599 407 843 474 -141-
972 463 973 468 ,

206 582 279 665 149,
292 583 351 648 23:
383 585 493 667 ἀτελὴς
523 587 558 649 ἐκ
580 587 694 669 μόνων
793 585 1015 652 Personarum
1032 585 1283 654 circumstantia

159 693 356 774 πραγμάτων
401 694 558 763 συνεστώς
603 693 692 768 ἔστιν,
747 690 846 760 defici
861 695 985 779 potest,
1002 694 1031 760 si
1043 697 1189 780 ponatur
1204 693 1283 760 talis

160 799 234 862 ὅταν
249 798 285 861 τὸ
297 799 474 881 πρόσωπον
485 800 531 882 μὴ
547 799 569 884 ᾖ
585 801 691 882 κρινό-
748 800 989 867 controversia:

158 930 256 988 μενον
286 905 358 976 ἑνὸς
388 908 479 976 ὄντος
505 913 562 970 τοῦ
589 909 691 990 πράγ-

157 1035 265 1094 ματος,
290 1012 357 1076 οἷον
387 1013 523 1077 θάπτων
552 1038 596 1084 τις
622 1039 691 1078 νεο-
1015 1012 1020 1021 ’
1139 1013 1282 1094 Quidam

159 1119 692 1204 οφαγὲςσῶμαέπ’ἒρημίαςπεφώ-
746 1119 782 1184 in
814 1119 992 1186 solitudine
1028 1120 1187 1187 inventus
1219 1123 1279 1205 est,

158 1249 256 1308 ροται,
272 1227 326 1290 καὶ
342 1226 445 1308 φόνου
462 1227 579 1310 φεύγει.
601 1225 693 1298 οὗτος
746 1225 894 1310 gladium
911 1230 1086 1294 cruentum
1101 1231 1223 1294 tenens
1247 1232 1283 1294 et

158 1333 307 1415 βούλησιν
321 1334 381 1415 μὲν
403 1335 457 1397 καὶ
473 1334 608 1416 δύναμιν
631 1336 691 1398 οὐκ
746 1354 861 1400 recens
890 1334 989 1399 occisi
1017 1334 1162 1400 cadaver
1184 1356 1280 1421 sepe-

159 1442 230 1522 ἔχει,
260 1445 324 1510 τοῖς
348 1440 383 1504 δὲ
406 1441 510 1511 ἄλλοις
533 1442 693 1528 διαιρεῖται
745 1440 843 1506 liens:
867 1462 944 1507 reus
968 1445 1021 1508 est
1043 1441 1164 1521 cendia
1189 1461 1193 1469 “

158 1553 250 1610 πᾶσιν
274 1547 397 1628 ὁμοίως
419 1553 465 1630 τῷ
487 1549 601 1631 τελείῳ.

790 1655 935 1739 327,17;
967 1654 1030 1721 Hic
1054 1658 1165 1722 cessat
1187 1655 1280 1722 locus

746 1761 977 1846 avoluntate,
1010 1763 1114 1828 etiam
1145 1762 1231 1829 alter
1259 1785 1281 1829 a

277 1939 281 1948 ¹
744 1867 916 1935 facultate.

205 1972 277 2055 149,
286 1973 343 2039 28:
360 1975 470 2057 ἀτελὴς
487 2025 513 2038 ..
531 1976 566 2039 ἐκ
578 1975 691 2058 μόνων
790 1975 864 2060 327,
876 1975 932 2041 31:
953 1974 980 2040 n
997 1974 1172 2059 contrarie,
1191 1975 1280 2063 quod

157 2083 343 2161 προσώπων
367 2083 486 2153 ἁπλοῦς
517 2084 555 2146 οὐ
579 2085 690 2165 γίνεται
745 2081 1023 2168 supradiximus,
1048 2085 1078 2149 si
1101 2084 1187 2150 eirca
1202 2105 1279 2169 per-

157 2190 236 2251 καιά
260 2213 294 2270 γε
318 2188 374 2271 ἐμὲ
402 2190 589 2272 οτοχαομός,
607 2241 613 2254 .
631 2240 637 2254 .
655 2190 690 2275 J)
745 2209 847 2256 sonas
859 2192 995 2256 tantum
1008 2190 1199 2257 coniectura
1215 2192 1278 2274 est,

745 2296 969 2382 superioribus
1008 2296 1089 2364 locis
1135 2296 1277 2380 duobus,

743 2403 921 2470 voluntate
946 2407 981 2470 et
1004 2404 1178 2488 facultate,
1203 2407 1279 2471 ute·

744 2530 827 2592 mur,
845 2560 851 2575 .
868 2558 899 2575 ..

205 2613 276 2697 150,
299 2614 355 2681 20:
402 2617 532 2688 διπλοῦς
576 2619 690 2690 τέλειος
788 2617 933 2701 328,15;
958 2667 989 2683 ..
1013 2617 1097 2683 scire
1117 2617 1278 2684 debemus

158 2722 278 2802 γίνεται,
319 2723 393 2787 ὅταν
433 2724 491 2789 δύο
529 2726 689 2808 πρόσωπα
744 2723 909 2809 duplicem
940 2725 1166 2790 coniecturam
1194 2746 1278 2806 esse,

156 2829 292 2894 καὶδύο
319 2831 490 2913 πράγματα
517 2833 689 2914 κρινόμενα
744 2831 823 2916 quia
876 2832 1042 2918 utrimque
1098 2833 1277 2914 accusatio,

157 2936 222 3018 ἔχῃ,
239 2989 245 3002 .
263 2987 293 3000 ..
744 2938 910 3022 utrimque
933 2937 1091 3005 defensio.
1125 3002 1126 3006 ,

788 3044 863 3127 328,
880 3046 932 3112 17:
966 3046 1080 3126 Qualis
1111 3066 1187 3129 ergo
1217 3067 1277 3111 ex-

744 3151 852 3216 ecutio
882 3152 917 3216 in
945 3151 1137 3218 huiusmodi
1167 3153 1277 3218 causis

697 3317 698 3320 ,
744 3256 894 3323 adhiberi
925 3256 1056 3343 debeat,
1085 3258 1276 3326 videamus:

743 3386 811 3431 non
835 3365 950 3452 utique
980 3364 1048 3448 illa,
1080 3368 1119 3431 ut
1149 3366 1187 3451 is,
1221 3367 1277 3452 qui

743 3494 779 3538 se
797 3471 945 3539 defendit
966 3475 1001 3539 et
1016 3473 1159 3540 alterum
1175 3495 1276 3540 accu-

203 3575 274 3660 150,
290 3576 345 3642 31:
378 3578 414 3641 τὸ
438 3628 445 3642 .
470 3629 476 3642 .
502 3581 610 3644 διελεῖν
641 3581 695 3645 καὶ
741 3583 804 3664 sat,
837 3581 1019 3666 seperatim
1048 3580 1276 3647 defensionem

155 3684 256 3766 χωρὶς
279 3685 337 3758 μὲν
368 3686 631 3769 ἀπολογήσασθαι
655 3689 691 3752 δι’
741 3707 837 3752 suam
854 3708 912 3772 per
936 3687 1122 3759 communis
1145 3688 1276 3753 coniec-

157 3791 242 3855 ὅλων
272 3797 337 3856 τῶν
369 3795 562 3876 κεφαλαίων,
593 3795 694 3878 χωρὶς
740 3795 836 3858 tunae
897 3794 987 3859 locos
1044 3797 1274 3881 persequatur,

156 3897 190 3960 δὲ
214 3907 430 3983 κατηγορῆσαι
450 3902 542 3964 πάλιν
557 3908 621 3971 τοῖς
636 3903 693 3965 αὐ-
741 3899 858 3965 deinde
880 3900 1129 3966 accusationem
1146 3922 1167 3966 a
1183 3901 1275 3987 prin-

154 4059 368 4070 ———-..

244 4146 263 4217 ¹)
284 4147 423 4218 Sulpicius
434 4148 508 4203 sieut
520 4147 710 4218 Hermogenes
719 4147 874 4219 simplicem
884 4148 1070 4204 coniecturam
1079 4148 1275 4219 imperfectam

155 4233 257 4291 omisit.
