<?xml version="1.0" encoding="UTF-8"?>
<!DOCTYPE html PUBLIC "-//W3C//DTD XHTML 1.0 Transitional//EN"
    "http://www.w3.org/TR/xhtml1/DTD/xhtml1-transitional.dtd">
<html xmlns="http://www.w3.org/1999/xhtml" xml:lang="en" lang="en">
 <head>
  <title>
</title>
<meta http-equiv="Content-Type" content="text/html;charset=utf-8" />
  <meta name='ocr-system' content='tesseract 3.04.00' />
  <meta name='ocr-capabilities' content='ocr_page ocr_carea ocr_par ocr_line ocrx_word'/>
</head>
<body>
  <div class='ocr_page' id='page_1' title='image "./destatuumdoctri00jaengoog_0103.png"; bbox 0 0 3198 5054; ppageno 0'>
   <div class='ocr_carea' id='block_1_1' title="bbox 780 433 1002 500">
    <p class='ocr_par' dir='ltr' id='par_1_1' title="bbox 780 433 1002 500">
     <span class='ocr_line' id='line_1_1' title="bbox 780 433 1002 500; baseline 0 -20"><span class='ocrx_word' id='word_1_1' title='bbox 780 433 1002 500; x_wconf 65' lang='lat'>„90-</span> 
     </span>
    </p>
   </div>
   <div class='ocr_carea' id='block_1_2' title="bbox 331 609 1452 2087">
    <p class='ocr_par' dir='ltr' id='par_1_2' title="bbox 331 609 1452 2087">
     <span class='ocr_line' id='line_1_2' title="bbox 331 609 1452 698; baseline 0.002 -24"><span class='ocrx_word' id='word_1_2' title='bbox 331 609 511 694; x_wconf 90' lang='lat' dir='ltr'>Augustini</span> <span class='ocrx_word' id='word_1_3' title='bbox 546 610 709 696; x_wconf 79' lang='lat' dir='ltr'><strong>expositio</strong></span> <span class='ocrx_word' id='word_1_4' title='bbox 748 611 882 698; x_wconf 89' lang='lat' dir='ltr'>copiosa</span> <span class='ocrx_word' id='word_1_5' title='bbox 917 613 970 676; x_wconf 91' lang='lat' dir='ltr'>est</span> <span class='ocrx_word' id='word_1_6' title='bbox 1008 613 1110 696; x_wconf 88' lang='lat' dir='ltr'>atque</span> <span class='ocrx_word' id='word_1_7' title='bbox 1144 611 1279 697; x_wconf 87' lang='lat' dir='ltr'>insuper</span> <span class='ocrx_word' id='word_1_8' title='bbox 1313 610 1452 696; x_wconf 88' lang='lat' dir='ltr'>praebet</span> 
     </span>
     <span class='ocr_line' id='line_1_3' title="bbox 331 715 1452 804; baseline 0.001 -23"><span class='ocrx_word' id='word_1_9' title='bbox 331 715 419 782; x_wconf 89' lang='lat' dir='ltr'>illius</span> <span class='ocrx_word' id='word_1_10' title='bbox 443 719 524 783; x_wconf 89' lang='lat' dir='ltr'>artis</span> <span class='ocrx_word' id='word_1_11' title='bbox 549 720 779 804; x_wconf 81' lang='lat' dir='ltr'>campartem,</span> <span class='ocrx_word' id='word_1_12' title='bbox 805 717 876 783; x_wconf 85' lang='lat' dir='ltr'>dico</span> <span class='ocrx_word' id='word_1_13' title='bbox 900 718 1116 784; x_wconf 88' lang='lat' dir='ltr'>materiarum</span> <span class='ocrx_word' id='word_1_14' title='bbox 1138 720 1370 804; x_wconf 90' lang='lat' dir='ltr'>asystatarum</span> <span class='ocrx_word' id='word_1_15' title='bbox 1395 739 1452 782; x_wconf 90' lang='lat' dir='ltr'>ex·</span> 
     </span>
     <span class='ocr_line' id='line_1_4' title="bbox 331 822 1452 910; baseline 0.002 -22"><span class='ocrx_word' id='word_1_16' title='bbox 331 823 554 909; x_wconf 88' lang='lat' dir='ltr'>plicationem‚</span> <span class='ocrx_word' id='word_1_17' title='bbox 588 845 689 910; x_wconf 92' lang='lat' dir='ltr'>quam</span> <span class='ocrx_word' id='word_1_18' title='bbox 718 827 757 891; x_wconf 92' lang='lat' dir='ltr'>ut</span> <span class='ocrx_word' id='word_1_19' title='bbox 788 822 832 889; x_wconf 91' lang='lat' dir='ltr'>ad</span> <span class='ocrx_word' id='word_1_20' title='bbox 862 845 961 890; x_wconf 90' lang='lat' dir='ltr'>usum</span> <span class='ocrx_word' id='word_1_21' title='bbox 993 825 1133 890; x_wconf 88' lang='lat' dir='ltr'>oratoris</span> <span class='ocrx_word' id='word_1_22' title='bbox 1166 845 1452 910; x_wconf 79' lang='lat' dir='ltr'>supervacaneam</span> 
     </span>
     <span class='ocr_line' id='line_1_5' title="bbox 331 929 1452 1018; baseline 0.002 -24"><span class='ocrx_word' id='word_1_23' title='bbox 331 929 378 996; x_wconf 88' lang='lat' dir='ltr'>illi</span> <span class='ocrx_word' id='word_1_24' title='bbox 401 951 535 1016; x_wconf 89' lang='lat' dir='ltr'>prorsus</span> <span class='ocrx_word' id='word_1_25' title='bbox 558 931 862 1018; x_wconf 89' lang='lat' dir='ltr'>praetermiserunt.</span> <span class='ocrx_word' id='word_1_26' title='bbox 910 931 1037 1012; x_wconf 79' lang='lat' dir='ltr'>Quibus</span> <span class='ocrx_word' id='word_1_27' title='bbox 1069 932 1179 998; x_wconf 88' lang='lat' dir='ltr'>causis</span> <span class='ocrx_word' id='word_1_28' title='bbox 1203 930 1339 997; x_wconf 90' lang='lat' dir='ltr'>adducti</span> <span class='ocrx_word' id='word_1_29' title='bbox 1360 931 1452 1014; x_wconf 79' lang='lat' dir='ltr'>frag·</span> 
     </span>
     <span class='ocr_line' id='line_1_6' title="bbox 331 1037 1452 1122; baseline 0.003 -21"><span class='ocrx_word' id='word_1_30' title='bbox 331 1038 454 1104; x_wconf 91' lang='lat' dir='ltr'>mentis</span> <span class='ocrx_word' id='word_1_31' title='bbox 479 1059 500 1104; x_wconf 92' lang='lat' dir='ltr'>a</span> <span class='ocrx_word' id='word_1_32' title='bbox 523 1037 678 1104; x_wconf 79' lang='lat' dir='ltr'>Cicerone</span> <span class='ocrx_word' id='word_1_33' title='bbox 710 1040 744 1103; x_wconf 90' lang='lat' dir='ltr'>et</span> <span class='ocrx_word' id='word_1_34' title='bbox 767 1037 972 1118; x_wconf 79' lang='lat' dir='ltr'>Quintiliano</span> <span class='ocrx_word' id='word_1_35' title='bbox 1004 1039 1136 1105; x_wconf 91' lang='lat' dir='ltr'>traditis</span> <span class='ocrx_word' id='word_1_36' title='bbox 1162 1038 1341 1122; x_wconf 78' lang='lat' dir='ltr'>Augustini</span> <span class='ocrx_word' id='word_1_37' title='bbox 1364 1041 1452 1104; x_wconf 82' lang='lat' dir='ltr'>trao-</span> 
     </span>
     <span class='ocr_line' id='line_1_7' title="bbox 332 1143 1452 1232; baseline 0.001 -23"><span class='ocrx_word' id='word_1_38' title='bbox 332 1148 443 1210; x_wconf 87' lang='lat' dir='ltr'>tatum</span> <span class='ocrx_word' id='word_1_39' title='bbox 475 1143 703 1231; x_wconf 89' lang='lat' dir='ltr'>praeferamus</span> <span class='ocrx_word' id='word_1_40' title='bbox 736 1149 875 1231; x_wconf 88' lang='lat' dir='ltr'>oportet.</span> <span class='ocrx_word' id='word_1_41' title='bbox 922 1148 967 1211; x_wconf 91' lang='lat' dir='ltr'>At</span> <span class='ocrx_word' id='word_1_42' title='bbox 998 1146 1153 1232; x_wconf 90' lang='lat' dir='ltr'>quamvis</span> <span class='ocrx_word' id='word_1_43' title='bbox 1184 1167 1227 1211; x_wconf 88' lang='lat' dir='ltr'>ex</span> <span class='ocrx_word' id='word_1_44' title='bbox 1256 1146 1309 1210; x_wconf 91' lang='lat' dir='ltr'>his</span> <span class='ocrx_word' id='word_1_45' title='bbox 1342 1145 1452 1210; x_wconf 88' lang='lat' dir='ltr'>verbis</span> 
     </span>
     <span class='ocr_line' id='line_1_8' title="bbox 333 1250 1452 1338; baseline 0.001 -24"><span class='ocrx_word' id='word_1_46' title='bbox 333 1252 376 1336; x_wconf 85' lang='lat' dir='ltr'>(p.</span> <span class='ocrx_word' id='word_1_47' title='bbox 396 1251 467 1333; x_wconf 80' lang='lat'>138,</span> <span class='ocrx_word' id='word_1_48' title='bbox 485 1251 548 1333; x_wconf 83' lang='grc'>16);</span> <span class='ocrx_word' id='word_1_49' title='bbox 587 1251 655 1316; x_wconf 73' lang='lat' dir='ltr'>»ita</span> <span class='ocrx_word' id='word_1_50' title='bbox 689 1251 849 1337; x_wconf 89' lang='lat' dir='ltr'>scriptum</span> <span class='ocrx_word' id='word_1_51' title='bbox 882 1251 1033 1338; x_wconf 81' lang='lat' dir='ltr'>reliquit«</span> <span class='ocrx_word' id='word_1_52' title='bbox 1072 1250 1297 1335; x_wconf 80' lang='lat' dir='ltr'>Hermagorae</span> <span class='ocrx_word' id='word_1_53' title='bbox 1332 1251 1452 1316; x_wconf 88' lang='lat' dir='ltr'>librum</span> 
     </span>
     <span class='ocr_line' id='line_1_9' title="bbox 332 1357 1450 1446; baseline 0 -24"><span class='ocrx_word' id='word_1_54' title='bbox 332 1359 441 1443; x_wconf 90' lang='lat' dir='ltr'>ipsum</span> <span class='ocrx_word' id='word_1_55' title='bbox 473 1361 553 1424; x_wconf 89' lang='lat' dir='ltr'>ante</span> <span class='ocrx_word' id='word_1_56' title='bbox 585 1359 698 1424; x_wconf 89' lang='lat' dir='ltr'>oculos</span> <span class='ocrx_word' id='word_1_57' title='bbox 728 1357 833 1424; x_wconf 86' lang='lat' dir='ltr'>fuisse</span> <span class='ocrx_word' id='word_1_58' title='bbox 865 1359 1054 1442; x_wconf 89' lang='lat' dir='ltr'>Augustino</span> <span class='ocrx_word' id='word_1_59' title='bbox 1096 1379 1255 1446; x_wconf 88' lang='lat' dir='ltr'>apparere</span> <span class='ocrx_word' id='word_1_60' title='bbox 1285 1358 1450 1441; x_wconf 85' lang='lat' dir='ltr'>videatur,</span> 
     </span>
     <span class='ocr_line' id='line_1_10' title="bbox 333 1465 1452 1552; baseline 0.001 -22"><span class='ocrx_word' id='word_1_61' title='bbox 333 1468 457 1549; x_wconf 86' lang='lat' dir='ltr'>tamen,</span> <span class='ocrx_word' id='word_1_62' title='bbox 489 1466 667 1551; x_wconf 90' lang='lat' dir='ltr'>quominus</span> <span class='ocrx_word' id='word_1_63' title='bbox 691 1465 723 1531; x_wconf 92' lang='lat' dir='ltr'>id</span> <span class='ocrx_word' id='word_1_64' title='bbox 756 1485 938 1547; x_wconf 68' lang='lat' dir='ltr'>sumamus</span> <span class='ocrx_word' id='word_1_65' title='bbox 970 1485 1009 1530; x_wconf 90' lang='lat' dir='ltr'>eo</span> <span class='ocrx_word' id='word_1_66' title='bbox 1041 1465 1246 1552; x_wconf 83' lang='lat' dir='ltr'>impedimur,</span> <span class='ocrx_word' id='word_1_67' title='bbox 1281 1465 1369 1551; x_wconf 92' lang='lat' dir='ltr'>quod</span> <span class='ocrx_word' id='word_1_68' title='bbox 1400 1465 1452 1531; x_wconf 91' lang='lat' dir='ltr'>hic</span> 
     </span>
     <span class='ocr_line' id='line_1_11' title="bbox 333 1570 1451 1659; baseline 0 -21"><span class='ocrx_word' id='word_1_69' title='bbox 333 1570 479 1638; x_wconf 85' lang='lat' dir='ltr'>Graecas</span> <span class='ocrx_word' id='word_1_70' title='bbox 502 1571 632 1640; x_wconf 74' lang='lat' dir='ltr'>litteras</span> <span class='ocrx_word' id='word_1_71' title='bbox 648 1593 766 1659; x_wconf 90' lang='lat' dir='ltr'>parum</span> <span class='ocrx_word' id='word_1_72' title='bbox 790 1575 939 1638; x_wconf 87' lang='lat' dir='ltr'>noverat.</span> <span class='ocrx_word' id='word_1_73' title='bbox 974 1575 1085 1659; x_wconf 82' lang='lat' dir='ltr'>Atque</span> <span class='ocrx_word' id='word_1_74' title='bbox 1101 1572 1165 1640; x_wconf 89' lang='lat' dir='ltr'>hoc</span> <span class='ocrx_word' id='word_1_75' title='bbox 1188 1573 1217 1638; x_wconf 87' lang='lat' dir='ltr'>si</span> <span class='ocrx_word' id='word_1_76' title='bbox 1239 1573 1451 1655; x_wconf 76' lang='lat' dir='ltr'>nesciremus,</span> 
     </span>
     <span class='ocr_line' id='line_1_12' title="bbox 334 1679 1451 1766; baseline 0 -22"><span class='ocrx_word' id='word_1_77' title='bbox 334 1680 405 1744; x_wconf 88' lang='lat' dir='ltr'>eius</span> <span class='ocrx_word' id='word_1_78' title='bbox 443 1682 592 1745; x_wconf 90' lang='lat' dir='ltr'>tractatu</span> <span class='ocrx_word' id='word_1_79' title='bbox 630 1681 701 1765; x_wconf 88' lang='lat' dir='ltr'>ipso</span> <span class='ocrx_word' id='word_1_80' title='bbox 740 1682 933 1745; x_wconf 86' lang='lat' dir='ltr'>vetaremur</span> <span class='ocrx_word' id='word_1_81' title='bbox 970 1679 1051 1746; x_wconf 92' lang='lat' dir='ltr'>illud</span> <span class='ocrx_word' id='word_1_82' title='bbox 1089 1701 1219 1766; x_wconf 87' lang='lat' dir='ltr'>ponere.</span> <span class='ocrx_word' id='word_1_83' title='bbox 1277 1679 1364 1746; x_wconf 91' lang='lat' dir='ltr'>Nam</span> <span class='ocrx_word' id='word_1_84' title='bbox 1409 1701 1451 1744; x_wconf 90' lang='lat' dir='ltr'>ne</span> 
     </span>
     <span class='ocr_line' id='line_1_13' title="bbox 334 1785 1451 1872; baseline 0.001 -22"><span class='ocrx_word' id='word_1_85' title='bbox 334 1786 543 1869; x_wconf 80' lang='lat' dir='ltr'>Augustinus</span> <span class='ocrx_word' id='word_1_86' title='bbox 568 1785 700 1872; x_wconf 88' lang='lat' dir='ltr'>quidem</span> <span class='ocrx_word' id='word_1_87' title='bbox 723 1787 877 1851; x_wconf 90' lang='lat' dir='ltr'>notiones</span> <span class='ocrx_word' id='word_1_88' title='bbox 901 1790 1008 1862; x_wconf 78' lang='grc' dir='ltr'><em>αἰτίου,</em></span> <span class='ocrx_word' id='word_1_89' title='bbox 1033 1791 1218 1872; x_wconf 75' lang='grc' dir='ltr'><strong><em>συνέχοντος</em></strong></span> <span class='ocrx_word' id='word_1_90' title='bbox 1234 1787 1377 1854; x_wconf 90' lang='lat' dir='ltr'>enodate</span> <span class='ocrx_word' id='word_1_91' title='bbox 1395 1809 1451 1852; x_wconf 89' lang='lat' dir='ltr'>ex-</span> 
     </span>
     <span class='ocr_line' id='line_1_14' title="bbox 332 1891 1452 1980; baseline 0.001 -23"><span class='ocrx_word' id='word_1_92' title='bbox 332 1891 495 1979; x_wconf 80' lang='lat' dir='ltr'>planavit,</span> <span class='ocrx_word' id='word_1_93' title='bbox 530 1891 588 1958; x_wconf 87' lang='lat' dir='ltr'>sod</span> <span class='ocrx_word' id='word_1_94' title='bbox 616 1895 705 1958; x_wconf 88' lang='lat' dir='ltr'>recto</span> <span class='ocrx_word' id='word_1_95' title='bbox 728 1891 852 1957; x_wconf 87' lang='lat' dir='ltr'>falsum</span> <span class='ocrx_word' id='word_1_96' title='bbox 877 1891 1061 1960; x_wconf 89' lang='lat' dir='ltr'>admiscuit.</span> <span class='ocrx_word' id='word_1_97' title='bbox 1107 1894 1241 1961; x_wconf 80' lang='lat' dir='ltr'>Etenim</span> <span class='ocrx_word' id='word_1_98' title='bbox 1273 1897 1452 1980; x_wconf 90' lang='lat' dir='ltr'>postquam</span> 
     </span>
     <span class='ocr_line' id='line_1_15' title="bbox 333 1999 1452 2087; baseline 0.002 -23"><span class='ocrx_word' id='word_1_99' title='bbox 333 2021 363 2086; x_wconf 89' lang='lat' dir='ltr'>p.</span> <span class='ocrx_word' id='word_1_100' title='bbox 380 1999 455 2082; x_wconf 82' lang='lat'>144,</span> <span class='ocrx_word' id='word_1_101' title='bbox 469 1999 634 2081; x_wconf 80' lang='lat'>25-301)</span> <span class='ocrx_word' id='word_1_102' title='bbox 657 2003 755 2065; x_wconf 79' lang='grc' dir='ltr'><strong><em>αἱτιον</em></strong></span> <span class='ocrx_word' id='word_1_103' title='bbox 775 1999 1003 2067; x_wconf 86' lang='lat' dir='ltr'>defensionem</span> <span class='ocrx_word' id='word_1_104' title='bbox 1020 2001 1102 2067; x_wconf 89' lang='lat' dir='ltr'>facti</span> <span class='ocrx_word' id='word_1_105' title='bbox 1125 2003 1160 2066; x_wconf 90' lang='lat' dir='ltr'>in</span> <span class='ocrx_word' id='word_1_106' title='bbox 1176 2001 1452 2087; x_wconf 83' lang='lat' dir='ltr'>disceptationem</span> 
     </span>
    </p>
   </div>
   <div class='ocr_carea' id='block_1_3' title="bbox 333 2159 1457 4351">
    <p class='ocr_par' dir='ltr' id='par_1_3' title="bbox 334 2159 1455 2766">
     <span class='ocr_line' id='line_1_16' title="bbox 334 2159 1453 2232; baseline 0.001 -19"><span class='ocrx_word' id='word_1_107' title='bbox 334 2159 448 2230; x_wconf 83' lang='lat' dir='ltr'>aliquod</span> <span class='ocrx_word' id='word_1_108' title='bbox 473 2161 668 2231; x_wconf 87' lang='lat' dir='ltr'>proposuimus</span> <span class='ocrx_word' id='word_1_109' title='bbox 701 2161 871 2229; x_wconf 89' lang='lat' dir='ltr'>exemplum,</span> <span class='ocrx_word' id='word_1_110' title='bbox 906 2160 985 2215; x_wconf 86' lang='lat' dir='ltr'>cuius</span> <span class='ocrx_word' id='word_1_111' title='bbox 1017 2177 1115 2215; x_wconf 89' lang='lat' dir='ltr'>omnes</span> <span class='ocrx_word' id='word_1_112' title='bbox 1142 2165 1246 2231; x_wconf 83' lang='lat' dir='ltr'>partes,</span> <span class='ocrx_word' id='word_1_113' title='bbox 1277 2177 1453 2232; x_wconf 90' lang='lat' dir='ltr'>quocumque</span> 
     </span>
     <span class='ocr_line' id='line_1_17' title="bbox 335 2249 1453 2319; baseline 0.002 -17"><span class='ocrx_word' id='word_1_114' title='bbox 335 2252 429 2302; x_wconf 88' lang='lat' dir='ltr'>esseut</span> <span class='ocrx_word' id='word_1_115' title='bbox 454 2249 482 2303; x_wconf 91' lang='lat' dir='ltr'>irr</span> <span class='ocrx_word' id='word_1_116' title='bbox 501 2264 611 2317; x_wconf 85' lang='lat' dir='ltr'>genere,</span> <span class='ocrx_word' id='word_1_117' title='bbox 637 2249 834 2319; x_wconf 89' lang='lat' dir='ltr'>exprimendae</span> <span class='ocrx_word' id='word_1_118' title='bbox 853 2250 933 2304; x_wconf 90' lang='lat' dir='ltr'>nobis</span> <span class='ocrx_word' id='word_1_119' title='bbox 953 2250 1108 2304; x_wconf 83' lang='lat' dir='ltr'>necessarie</span> <span class='ocrx_word' id='word_1_120' title='bbox 1128 2250 1298 2317; x_wconf 84' lang='lat' dir='ltr'>viderentur3</span> <span class='ocrx_word' id='word_1_121' title='bbox 1325 2251 1376 2305; x_wconf 90' lang='lat' dir='ltr'>sed</span> <span class='ocrx_word' id='word_1_122' title='bbox 1396 2268 1453 2304; x_wconf 89' lang='lat' dir='ltr'>errr-</span> 
     </span>
     <span class='ocr_line' id='line_1_18' title="bbox 334 2337 1454 2410; baseline 0.004 -20"><span class='ocrx_word' id='word_1_123' title='bbox 334 2339 416 2391; x_wconf 90' lang='lat' dir='ltr'>nibus</span> <span class='ocrx_word' id='word_1_124' title='bbox 435 2354 522 2391; x_wconf 91' lang='lat' dir='ltr'>unum</span> <span class='ocrx_word' id='word_1_125' title='bbox 535 2337 562 2391; x_wconf 91' lang='lat' dir='ltr'>in</span> <span class='ocrx_word' id='word_1_126' title='bbox 575 2337 669 2392; x_wconf 88' lang='lat' dir='ltr'>locum</span> <span class='ocrx_word' id='word_1_127' title='bbox 682 2339 790 2393; x_wconf 84' lang='lat' dir='ltr'>coactis</span> <span class='ocrx_word' id='word_1_128' title='bbox 803 2339 993 2409; x_wconf 69' lang='lat' dir='ltr'>scriptoribus</span> <span class='ocrx_word' id='word_1_129' title='bbox 1008 2339 1083 2409; x_wconf 92' lang='lat' dir='ltr'>quod</span> <span class='ocrx_word' id='word_1_130' title='bbox 1096 2339 1212 2410; x_wconf 90' lang='lat' dir='ltr'>quisque</span> <span class='ocrx_word' id='word_1_131' title='bbox 1225 2340 1454 2394; x_wconf 88' lang='lat' dir='ltr'>commodissime</span> 
     </span>
     <span class='ocr_line' id='line_1_19' title="bbox 334 2427 1455 2499; baseline 0.002 -19"><span class='ocrx_word' id='word_1_132' title='bbox 334 2427 495 2498; x_wconf 85' lang='lat' dir='ltr'>praecipere</span> <span class='ocrx_word' id='word_1_133' title='bbox 513 2427 669 2494; x_wconf 82' lang='lat' dir='ltr'>videbatur,</span> <span class='ocrx_word' id='word_1_134' title='bbox 690 2429 878 2499; x_wconf 83' lang='lat' dir='ltr'>excerpsimus</span> <span class='ocrx_word' id='word_1_135' title='bbox 897 2430 926 2481; x_wconf 89' lang='lat' dir='ltr'>et</span> <span class='ocrx_word' id='word_1_136' title='bbox 945 2444 980 2482; x_wconf 87' lang='lat' dir='ltr'>ex</span> <span class='ocrx_word' id='word_1_137' title='bbox 992 2428 1075 2482; x_wconf 88' lang='lat' dir='ltr'>variis</span> <span class='ocrx_word' id='word_1_138' title='bbox 1087 2428 1206 2497; x_wconf 87' lang='lat' dir='ltr'>ingeniis</span> <span class='ocrx_word' id='word_1_139' title='bbox 1220 2428 1455 2484; x_wconf 86' lang='lat' dir='ltr'>excellentissima</span> 
     </span>
     <span class='ocr_line' id='line_1_20' title="bbox 334 2516 1453 2588; baseline 0.003 -19"><span class='ocrx_word' id='word_1_140' title='bbox 334 2532 463 2588; x_wconf 88' lang='lat' dir='ltr'>quaeque</span> <span class='ocrx_word' id='word_1_141' title='bbox 481 2516 655 2571; x_wconf 79' lang='lat' dir='ltr'>libavimus«</span> <span class='ocrx_word' id='word_1_142' title='bbox 676 2517 721 2572; x_wconf 91' lang='lat' dir='ltr'>hie</span> <span class='ocrx_word' id='word_1_143' title='bbox 735 2518 924 2586; x_wconf 85' lang='lat' dir='ltr'>Hermagorae</span> <span class='ocrx_word' id='word_1_144' title='bbox 935 2522 1087 2587; x_wconf 87' lang='lat' dir='ltr'>praecepta</span> <span class='ocrx_word' id='word_1_145' title='bbox 1100 2533 1195 2571; x_wconf 88' lang='lat' dir='ltr'>eruere</span> <span class='ocrx_word' id='word_1_146' title='bbox 1208 2519 1303 2572; x_wconf 88' lang='lat' dir='ltr'>conari</span> <span class='ocrx_word' id='word_1_147' title='bbox 1316 2521 1453 2583; x_wconf 88' lang='lat' dir='ltr'>vetamur,</span> 
     </span>
     <span class='ocr_line' id='line_1_21' title="bbox 336 2605 1455 2677; baseline 0.004 -19"><span class='ocrx_word' id='word_1_148' title='bbox 336 2605 565 2677; x_wconf 88' lang='lat' dir='ltr'>quandoquidem</span> <span class='ocrx_word' id='word_1_149' title='bbox 593 2605 626 2660; x_wconf 90' lang='lat' dir='ltr'>iis</span> <span class='ocrx_word' id='word_1_150' title='bbox 655 2607 774 2670; x_wconf 65' lang='lat' dir='ltr'>artibus</span> <span class='ocrx_word' id='word_1_151' title='bbox 809 2622 825 2659; x_wconf 88' lang='lat' dir='ltr'>e</span> <span class='ocrx_word' id='word_1_152' title='bbox 853 2605 953 2676; x_wconf 91' lang='lat' dir='ltr'>quibus</span> <span class='ocrx_word' id='word_1_153' title='bbox 981 2606 1121 2660; x_wconf 80' lang='lat' dir='ltr'>Ciceronis</span> <span class='ocrx_word' id='word_1_154' title='bbox 1149 2607 1289 2676; x_wconf 88' lang='lat' dir='ltr'>expositio</span> <span class='ocrx_word' id='word_1_155' title='bbox 1317 2609 1455 2673; x_wconf 83' lang='lat' dir='ltr'>manavit,</span> 
     </span>
     <span class='ocr_line' id='line_1_22' title="bbox 334 2691 1002 2766; baseline 0 -18"><span class='ocrx_word' id='word_1_156' title='bbox 334 2694 451 2766; x_wconf 88' lang='lat' dir='ltr'>perditis</span> <span class='ocrx_word' id='word_1_157' title='bbox 470 2695 577 2748; x_wconf 93' lang='lat' dir='ltr'>nullum</span> <span class='ocrx_word' id='word_1_158' title='bbox 595 2695 751 2748; x_wconf 89' lang='lat' dir='ltr'>subsidium</span> <span class='ocrx_word' id='word_1_159' title='bbox 769 2691 850 2748; x_wconf 78' lang='lat' dir='ltr'>nobis</span> <span class='ocrx_word' id='word_1_160' title='bbox 870 2694 1002 2765; x_wconf 86' lang='lat' dir='ltr'>suppetit.</span> 
     </span>
    </p>

    <p class='ocr_par' dir='ltr' id='par_1_4' title="bbox 333 2782 1457 4351">
     <span class='ocr_line' id='line_1_23' title="bbox 425 2782 1456 2854; baseline 0.006 -19"><span class='ocrx_word' id='word_1_161' title='bbox 425 2782 444 2852; x_wconf 91' lang='lat'>¹)</span> <span class='ocrx_word' id='word_1_162' title='bbox 468 2783 533 2836; x_wconf 78' lang='lat' dir='ltr'>»Est</span> <span class='ocrx_word' id='word_1_163' title='bbox 557 2783 642 2852; x_wconf 89' lang='lat' dir='ltr'>igitur</span> <span class='ocrx_word' id='word_1_164' title='bbox 667 2799 762 2848; x_wconf 70' lang='lat' dir='ltr'>causa,</span> <span class='ocrx_word' id='word_1_165' title='bbox 787 2800 858 2854; x_wconf 88' lang='lat' dir='ltr'>quae</span> <span class='ocrx_word' id='word_1_166' title='bbox 883 2784 936 2838; x_wconf 91' lang='lat' dir='ltr'>nisi</span> <span class='ocrx_word' id='word_1_167' title='bbox 963 2784 1154 2854; x_wconf 86' lang='lat' dir='ltr'>praecesserit,</span> <span class='ocrx_word' id='word_1_168' title='bbox 1180 2787 1373 2840; x_wconf 85' lang='lat' dir='ltr'>controversia</span> <span class='ocrx_word' id='word_1_169' title='bbox 1394 2784 1456 2840; x_wconf 87' lang='lat' dir='ltr'>fieri</span> 
     </span>
     <span class='ocr_line' id='line_1_24' title="bbox 333 2871 1455 2944; baseline 0.002 -18"><span class='ocrx_word' id='word_1_170' title='bbox 333 2888 391 2926; x_wconf 93' lang='lat' dir='ltr'>non</span> <span class='ocrx_word' id='word_1_171' title='bbox 410 2875 515 2942; x_wconf 90' lang='lat' dir='ltr'>potest.</span> <span class='ocrx_word' id='word_1_172' title='bbox 553 2871 634 2938; x_wconf 79' lang='lat' dir='ltr'>Quod</span> <span class='ocrx_word' id='word_1_173' title='bbox 653 2871 724 2937; x_wconf 88' lang='lat' dir='ltr'>dice,</span> <span class='ocrx_word' id='word_1_174' title='bbox 743 2873 801 2926; x_wconf 89' lang='lat' dir='ltr'>tale</span> <span class='ocrx_word' id='word_1_175' title='bbox 820 2875 877 2927; x_wconf 89' lang='lat' dir='ltr'>est:</span> <span class='ocrx_word' id='word_1_176' title='bbox 905 2873 1069 2937; x_wconf 89' lang='lat' dir='ltr'>‚Abdicatur</span> <span class='ocrx_word' id='word_1_177' title='bbox 1087 2891 1105 2927; x_wconf 89' lang='lat' dir='ltr'>a</span> <span class='ocrx_word' id='word_1_178' title='bbox 1123 2877 1203 2944; x_wconf 88' lang='lat' dir='ltr'>patre</span> <span class='ocrx_word' id='word_1_179' title='bbox 1221 2874 1315 2939; x_wconf 74' lang='lat' dir='ltr'>filius,</span> <span class='ocrx_word' id='word_1_180' title='bbox 1342 2877 1455 2929; x_wconf 89' lang='lat' dir='ltr'>contro·</span> 
     </span>
     <span class='ocr_line' id='line_1_25' title="bbox 334 2959 1455 3033; baseline 0.004 -20"><span class='ocrx_word' id='word_1_181' title='bbox 334 2959 428 3014; x_wconf 87' lang='lat' dir='ltr'>versia</span> <span class='ocrx_word' id='word_1_182' title='bbox 451 2961 554 3014; x_wconf 89' lang='lat' dir='ltr'>idcirco</span> <span class='ocrx_word' id='word_1_183' title='bbox 578 2976 635 3014; x_wconf 90' lang='lat' dir='ltr'>non</span> <span class='ocrx_word' id='word_1_184' title='bbox 662 2963 714 3022; x_wconf 80' lang='lat' dir='ltr'>est,</span> <span class='ocrx_word' id='word_1_185' title='bbox 743 2962 809 3033; x_wconf 88' lang='lat' dir='ltr'>quia</span> <span class='ocrx_word' id='word_1_186' title='bbox 831 2962 916 3027; x_wconf 89' lang='lat' dir='ltr'>nulla,</span> <span class='ocrx_word' id='word_1_187' title='bbox 941 2978 989 3016; x_wconf 87' lang='lat' dir='ltr'>cur</span> <span class='ocrx_word' id='word_1_188' title='bbox 1014 2962 1194 3018; x_wconf 85' lang='lat' dir='ltr'>abdicaretur</span> <span class='ocrx_word' id='word_1_189' title='bbox 1218 2981 1236 3017; x_wconf 87' lang='lat' dir='ltr'>a</span> <span class='ocrx_word' id='word_1_190' title='bbox 1254 2965 1342 3033; x_wconf 76' lang='lat' dir='ltr'>patre,</span> <span class='ocrx_word' id='word_1_191' title='bbox 1369 2980 1455 3018; x_wconf 87' lang='lat' dir='ltr'>causa</span> 
     </span>
     <span class='ocr_line' id='line_1_26' title="bbox 333 3049 1455 3120; baseline 0.004 -19"><span class='ocrx_word' id='word_1_192' title='bbox 333 3049 497 3119; x_wconf 89' lang='lat' dir='ltr'>praecessit.</span> <span class='ocrx_word' id='word_1_193' title='bbox 533 3049 662 3120; x_wconf 89' lang='lat' dir='ltr'>Denique</span> <span class='ocrx_word' id='word_1_194' title='bbox 680 3050 817 3105; x_wconf 86' lang='lat' dir='ltr'>addamus</span> <span class='ocrx_word' id='word_1_195' title='bbox 837 3066 958 3116; x_wconf 86' lang='lat' dir='ltr'>oausam,</span> <span class='ocrx_word' id='word_1_196' title='bbox 979 3055 1009 3106; x_wconf 88' lang='lat' dir='ltr'>et</span> <span class='ocrx_word' id='word_1_197' title='bbox 1026 3053 1124 3106; x_wconf 87' lang='lat' dir='ltr'>statim</span> <span class='ocrx_word' id='word_1_198' title='bbox 1144 3053 1335 3106; x_wconf 79' lang='lat' dir='ltr'>controversia</span> <span class='ocrx_word' id='word_1_199' title='bbox 1348 3052 1455 3106; x_wconf 81' lang='lat' dir='ltr'>effecta</span> 
     </span>
     <span class='ocr_line' id='line_1_27' title="bbox 334 3139 1452 3208; baseline 0.002 -16"><span class='ocrx_word' id='word_1_200' title='bbox 334 3141 392 3192; x_wconf 90' lang='lat' dir='ltr'>est:</span> <span class='ocrx_word' id='word_1_201' title='bbox 414 3139 529 3203; x_wconf 82' lang='lat' dir='ltr'>‚Iuravit</span> <span class='ocrx_word' id='word_1_202' title='bbox 547 3155 577 3192; x_wconf 90' lang='lat' dir='ltr'>se</span> <span class='ocrx_word' id='word_1_203' title='bbox 596 3156 654 3192; x_wconf 91' lang='lat' dir='ltr'>norr</span> <span class='ocrx_word' id='word_1_204' title='bbox 673 3140 822 3194; x_wconf 91' lang='lat' dir='ltr'>ducturum</span> <span class='ocrx_word' id='word_1_205' title='bbox 841 3157 965 3205; x_wconf 78' lang='lat' dir='ltr'>uxorem,</span> <span class='ocrx_word' id='word_1_206' title='bbox 992 3144 1021 3195; x_wconf 89' lang='lat' dir='ltr'>et</span> <span class='ocrx_word' id='word_1_207' title='bbox 1039 3141 1202 3195; x_wconf 62' lang='lat' dir='ltr'>abdicatur!</span> <span class='ocrx_word' id='word_1_208' title='bbox 1242 3141 1322 3208; x_wconf 79' lang='lat' dir='ltr'>Quod</span> <span class='ocrx_word' id='word_1_209' title='bbox 1340 3141 1452 3206; x_wconf 85' lang='lat' dir='ltr'>iuravit,</span> 
     </span>
     <span class='ocr_line' id='line_1_28' title="bbox 335 3223 1454 3298; baseline 0.005 -20"><span class='ocrx_word' id='word_1_210' title='bbox 335 3226 421 3280; x_wconf 79' lang='grc' dir='ltr'><em>αἴτιον</em></span> <span class='ocrx_word' id='word_1_211' title='bbox 439 3227 549 3282; x_wconf 81' lang='lat' dir='ltr'>iactum</span> <span class='ocrx_word' id='word_1_212' title='bbox 568 3230 620 3293; x_wconf 77' lang='lat' dir='ltr'>est,</span> <span class='ocrx_word' id='word_1_213' title='bbox 647 3229 675 3282; x_wconf 90' lang='lat' dir='ltr'>id</span> <span class='ocrx_word' id='word_1_214' title='bbox 694 3233 739 3283; x_wconf 88' lang='lat' dir='ltr'>est</span> <span class='ocrx_word' id='word_1_215' title='bbox 757 3245 850 3293; x_wconf 77' lang='lat' dir='ltr'>eausa,</span> <span class='ocrx_word' id='word_1_216' title='bbox 872 3245 919 3283; x_wconf 84' lang='lat' dir='ltr'>cur</span> <span class='ocrx_word' id='word_1_217' title='bbox 937 3230 1146 3285; x_wconf 87' lang='lat' dir='ltr'>abdicationem</span> <span class='ocrx_word' id='word_1_218' title='bbox 1165 3233 1341 3284; x_wconf 75' lang='lat' dir='ltr'>mereretur«</span> <span class='ocrx_word' id='word_1_219' title='bbox 1374 3223 1454 3298; x_wconf 86' lang='lat' dir='ltr'>Quod</span> 
     </span>
     <span class='ocr_line' id='line_1_29' title="bbox 334 3305 1454 3388; baseline 0.004 -20"><span class='ocrx_word' id='word_1_220' title='bbox 334 3315 432 3370; x_wconf 84' lang='lat' dir='ltr'>Thiele</span> <span class='ocrx_word' id='word_1_221' title='bbox 443 3316 469 3383; x_wconf 82' lang='lat' dir='ltr'>(l.</span> <span class='ocrx_word' id='word_1_222' title='bbox 482 3317 526 3372; x_wconf 88' lang='lat' dir='ltr'>all.</span> <span class='ocrx_word' id='word_1_223' title='bbox 540 3333 567 3386; x_wconf 93' lang='lat' dir='ltr'>p.</span> <span class='ocrx_word' id='word_1_224' title='bbox 580 3316 623 3388; x_wconf 74' lang='lat'>70)</span> <span class='ocrx_word' id='word_1_225' title='bbox 637 3318 827 3387; x_wconf 89' lang='lat' dir='ltr'>Augustinum</span> <span class='ocrx_word' id='word_1_226' title='bbox 840 3318 886 3372; x_wconf 92' lang='lat' dir='ltr'>hic</span> <span class='ocrx_word' id='word_1_227' title='bbox 900 3316 995 3371; x_wconf 79' lang='grc' dir='ltr'><em>αἴτιον</em></span> <span class='ocrx_word' id='word_1_228' title='bbox 1006 3319 1194 3374; x_wconf 88' lang='lat' dir='ltr'>accusationis</span> <span class='ocrx_word' id='word_1_229' title='bbox 1209 3305 1454 3374; x_wconf 80' lang='lat' dir='ltr'>confirmationem</span> 
     </span>
     <span class='ocr_line' id='line_1_30' title="bbox 333 3405 1454 3478; baseline 0.004 -20"><span class='ocrx_word' id='word_1_230' title='bbox 333 3405 507 3460; x_wconf 88' lang='lat' dir='ltr'>intellexisse</span> <span class='ocrx_word' id='word_1_231' title='bbox 532 3407 670 3476; x_wconf 86' lang='lat' dir='ltr'>opinatur,</span> <span class='ocrx_word' id='word_1_232' title='bbox 694 3408 723 3461; x_wconf 92' lang='lat' dir='ltr'>in</span> <span class='ocrx_word' id='word_1_233' title='bbox 748 3423 840 3462; x_wconf 89' lang='lat' dir='ltr'>errore</span> <span class='ocrx_word' id='word_1_234' title='bbox 865 3411 1003 3463; x_wconf 90' lang='lat' dir='ltr'>versatur.</span> <span class='ocrx_word' id='word_1_235' title='bbox 1039 3409 1111 3462; x_wconf 90' lang='lat' dir='ltr'>Nam</span> <span class='ocrx_word' id='word_1_236' title='bbox 1135 3426 1199 3463; x_wconf 90' lang='lat' dir='ltr'>cum</span> <span class='ocrx_word' id='word_1_237' title='bbox 1221 3411 1304 3478; x_wconf 86' lang='lat' dir='ltr'>pater</span> <span class='ocrx_word' id='word_1_238' title='bbox 1322 3407 1454 3463; x_wconf 87' lang='lat' dir='ltr'>firmandi</span> 
     </span>
     <span class='ocr_line' id='line_1_31' title="bbox 335 3495 1453 3562; baseline 0.004 -15"><span class='ocrx_word' id='word_1_239' title='bbox 335 3511 428 3559; x_wconf 77' lang='lat' dir='ltr'>causa,</span> <span class='ocrx_word' id='word_1_240' title='bbox 454 3495 601 3549; x_wconf 78' lang='lat' dir='ltr'>curtilias</span> <span class='ocrx_word' id='word_1_241' title='bbox 625 3497 832 3552; x_wconf 88' lang='lat' dir='ltr'>abdicationem</span> <span class='ocrx_word' id='word_1_242' title='bbox 855 3497 972 3551; x_wconf 92' lang='lat' dir='ltr'>meritus</span> <span class='ocrx_word' id='word_1_243' title='bbox 997 3498 1040 3562; x_wconf 83' lang='lat' dir='ltr'>sit,</span> <span class='ocrx_word' id='word_1_244' title='bbox 1065 3498 1126 3552; x_wconf 88' lang='lat' dir='ltr'>eius</span> <span class='ocrx_word' id='word_1_245' title='bbox 1149 3496 1340 3551; x_wconf 89' lang='lat' dir='ltr'>iusiurandum</span> <span class='ocrx_word' id='word_1_246' title='bbox 1359 3497 1453 3562; x_wconf 85' lang='lat' dir='ltr'>affert,</span> 
     </span>
     <span class='ocr_line' id='line_1_32' title="bbox 335 3582 1454 3658; baseline 0.004 -22"><span class='ocrx_word' id='word_1_247' title='bbox 335 3582 372 3636; x_wconf 92' lang='lat' dir='ltr'>rei</span> <span class='ocrx_word' id='word_1_248' title='bbox 393 3583 453 3637; x_wconf 88' lang='lat' dir='ltr'>sive</span> <span class='ocrx_word' id='word_1_249' title='bbox 471 3583 626 3638; x_wconf 78' lang='lat' dir='ltr'>defensoris</span> <span class='ocrx_word' id='word_1_250' title='bbox 644 3587 739 3655; x_wconf 83' lang='lat' dir='ltr'>partes</span> <span class='ocrx_word' id='word_1_251' title='bbox 758 3585 826 3653; x_wconf 77' lang='lat' dir='ltr'>agit,</span> <span class='ocrx_word' id='word_1_252' title='bbox 852 3602 909 3640; x_wconf 90' lang='lat' dir='ltr'>non</span> <span class='ocrx_word' id='word_1_253' title='bbox 935 3586 1116 3652; x_wconf 90' lang='lat' dir='ltr'>accusatoris,</span> <span class='ocrx_word' id='word_1_254' title='bbox 1144 3585 1277 3657; x_wconf 88' lang='lat' dir='ltr'>quoniam</span> <span class='ocrx_word' id='word_1_255' title='bbox 1296 3603 1353 3641; x_wconf 90' lang='lat' dir='ltr'>non</span> <span class='ocrx_word' id='word_1_256' title='bbox 1372 3588 1454 3658; x_wconf 83' lang='lat' dir='ltr'>patri,</span> 
     </span>
     <span class='ocr_line' id='line_1_33' title="bbox 335 3672 1456 3745; baseline 0.006 -20"><span class='ocrx_word' id='word_1_257' title='bbox 335 3672 384 3726; x_wconf 90' lang='lat' dir='ltr'>sed</span> <span class='ocrx_word' id='word_1_258' title='bbox 415 3672 476 3727; x_wconf 91' lang='lat' dir='ltr'>filio</span> <span class='ocrx_word' id='word_1_259' title='bbox 506 3673 714 3728; x_wconf 88' lang='lat' dir='ltr'>abdicationem</span> <span class='ocrx_word' id='word_1_260' title='bbox 747 3675 900 3729; x_wconf 88' lang='lat' dir='ltr'>accusandi</span> <span class='ocrx_word' id='word_1_261' title='bbox 932 3692 1047 3730; x_wconf 88' lang='lat' dir='ltr'>causam</span> <span class='ocrx_word' id='word_1_262' title='bbox 1077 3691 1139 3729; x_wconf 85' lang='lat' dir='ltr'>esse</span> <span class='ocrx_word' id='word_1_263' title='bbox 1162 3678 1251 3745; x_wconf 89' lang='lat' dir='ltr'>patet.</span> <span class='ocrx_word' id='word_1_264' title='bbox 1295 3676 1456 3732; x_wconf 88' lang='lat' dir='ltr'>Secundum</span> 
     </span>
     <span class='ocr_line' id='line_1_34' title="bbox 335 3763 1453 3833; baseline 0.004 -17"><span class='ocrx_word' id='word_1_265' title='bbox 335 3763 525 3832; x_wconf 86' lang='lat' dir='ltr'>Hermagorae</span> <span class='ocrx_word' id='word_1_266' title='bbox 549 3767 702 3833; x_wconf 90' lang='lat' dir='ltr'>praecepta</span> <span class='ocrx_word' id='word_1_267' title='bbox 726 3764 797 3817; x_wconf 89' lang='lat' dir='ltr'>haec</span> <span class='ocrx_word' id='word_1_268' title='bbox 824 3765 1016 3819; x_wconf 89' lang='lat' dir='ltr'>controversia</span> <span class='ocrx_word' id='word_1_269' title='bbox 1039 3764 1082 3818; x_wconf 90' lang='lat' dir='ltr'>ita</span> <span class='ocrx_word' id='word_1_270' title='bbox 1104 3763 1164 3818; x_wconf 88' lang='lat' dir='ltr'>fere</span> <span class='ocrx_word' id='word_1_271' title='bbox 1183 3765 1382 3819; x_wconf 86' lang='lat' dir='ltr'>constituenda</span> <span class='ocrx_word' id='word_1_272' title='bbox 1401 3770 1453 3821; x_wconf 88' lang='lat' dir='ltr'>est.</span> 
     </span>
     <span class='ocr_line' id='line_1_35' title="bbox 335 3852 1454 3923; baseline 0.004 -18"><span class='ocrx_word' id='word_1_273' title='bbox 335 3853 457 3907; x_wconf 85' lang='lat' dir='ltr'>Intentio</span> <span class='ocrx_word' id='word_1_274' title='bbox 470 3852 535 3906; x_wconf 84' lang='lat' dir='ltr'>filii:</span> <span class='ocrx_word' id='word_1_275' title='bbox 555 3852 659 3906; x_wconf 87' lang='lat' dir='ltr'>Iniuria</span> <span class='ocrx_word' id='word_1_276' title='bbox 672 3869 717 3906; x_wconf 89' lang='lat' dir='ltr'>me</span> <span class='ocrx_word' id='word_1_277' title='bbox 730 3853 907 3907; x_wconf 86' lang='lat' dir='ltr'>abdicavisti.</span> <span class='ocrx_word' id='word_1_278' title='bbox 939 3853 1074 3923; x_wconf 88' lang='lat' dir='ltr'>Depulsio</span> <span class='ocrx_word' id='word_1_279' title='bbox 1087 3853 1187 3922; x_wconf 89' lang='lat' dir='ltr'>patris:</span> <span class='ocrx_word' id='word_1_280' title='bbox 1202 3854 1264 3907; x_wconf 90' lang='lat' dir='ltr'>Iure</span> <span class='ocrx_word' id='word_1_281' title='bbox 1274 3856 1304 3908; x_wconf 91' lang='lat' dir='ltr'>te</span> <span class='ocrx_word' id='word_1_282' title='bbox 1317 3855 1454 3910; x_wconf 85' lang='lat' dir='ltr'>abdicavi.</span> 
     </span>
     <span class='ocr_line' id='line_1_36' title="bbox 336 3941 1455 4014; baseline 0.001 -18"><span class='ocrx_word' id='word_1_283' title='bbox 336 3942 485 4009; x_wconf 80' lang='lat' dir='ltr'>Quaestio:</span> <span class='ocrx_word' id='word_1_284' title='bbox 511 3941 609 3995; x_wconf 91' lang='lat' dir='ltr'>Iurene</span> <span class='ocrx_word' id='word_1_285' title='bbox 633 3946 714 4014; x_wconf 90' lang='lat' dir='ltr'>pater</span> <span class='ocrx_word' id='word_1_286' title='bbox 733 3941 825 3996; x_wconf 82' lang='lat' dir='ltr'>filium</span> <span class='ocrx_word' id='word_1_287' title='bbox 849 3941 1043 3996; x_wconf 79' lang='lat' dir='ltr'>abdicaverit?</span> <span class='ocrx_word' id='word_1_288' title='bbox 1080 3943 1206 4007; x_wconf 76' lang='grc' dir='ltr'>Συνέχονε</span> <span class='ocrx_word' id='word_1_289' title='bbox 1231 3942 1363 3998; x_wconf 89' lang='lat' dir='ltr'>Iuravisti</span> <span class='ocrx_word' id='word_1_290' title='bbox 1382 3944 1455 3998; x_wconf 90' lang='lat' dir='ltr'>enim</span> 
     </span>
     <span class='ocr_line' id='line_1_37' title="bbox 336 4029 1456 4101; baseline 0.002 -17"><span class='ocrx_word' id='word_1_291' title='bbox 336 4037 366 4084; x_wconf 87' lang='lat' dir='ltr'>te</span> <span class='ocrx_word' id='word_1_292' title='bbox 384 4047 441 4085; x_wconf 92' lang='lat' dir='ltr'>non</span> <span class='ocrx_word' id='word_1_293' title='bbox 461 4046 524 4084; x_wconf 88' lang='lat' dir='ltr'>esse</span> <span class='ocrx_word' id='word_1_294' title='bbox 543 4029 692 4083; x_wconf 89' lang='lat' dir='ltr'>ducturum</span> <span class='ocrx_word' id='word_1_295' title='bbox 711 4045 836 4085; x_wconf 89' lang='lat' dir='ltr'>uxorem.</span> <span class='ocrx_word' id='word_1_296' title='bbox 873 4030 979 4084; x_wconf 73' lang='lat' dir='ltr'>AEcrov:</span> <span class='ocrx_word' id='word_1_297' title='bbox 999 4029 1059 4085; x_wconf 90' lang='lat' dir='ltr'>Hoc</span> <span class='ocrx_word' id='word_1_298' title='bbox 1072 4031 1170 4096; x_wconf 88' lang='lat' dir='ltr'>iuravi,</span> <span class='ocrx_word' id='word_1_299' title='bbox 1191 4031 1266 4101; x_wconf 94' lang='lat' dir='ltr'>quod</span> <span class='ocrx_word' id='word_1_300' title='bbox 1279 4049 1297 4086; x_wconf 90' lang='lat' dir='ltr'>a</span> <span class='ocrx_word' id='word_1_301' title='bbox 1309 4032 1456 4088; x_wconf 88' lang='lat' dir='ltr'>mulierum</span> 
     </span>
     <span class='ocr_line' id='line_1_38' title="bbox 335 4116 1456 4193; baseline 0.003 -21"><span class='ocrx_word' id='word_1_302' title='bbox 335 4119 458 4172; x_wconf 89' lang='lat' dir='ltr'>moribus</span> <span class='ocrx_word' id='word_1_303' title='bbox 484 4116 599 4189; x_wconf 87' lang='lat' dir='ltr'>perditis</span> <span class='ocrx_word' id='word_1_304' title='bbox 624 4118 770 4175; x_wconf 88' lang='lat' dir='ltr'>abhorreo.</span> <span class='ocrx_word' id='word_1_305' title='bbox 807 4117 983 4191; x_wconf 74' lang='lat' dir='ltr'>Kprvdpsvov:</span> <span class='ocrx_word' id='word_1_306' title='bbox 1009 4120 1107 4174; x_wconf 88' lang='lat' dir='ltr'>Iurene</span> <span class='ocrx_word' id='word_1_307' title='bbox 1128 4137 1165 4174; x_wconf 90' lang='lat' dir='ltr'>arr</span> <span class='ocrx_word' id='word_1_308' title='bbox 1183 4137 1241 4174; x_wconf 90' lang='lat' dir='ltr'>uon</span> <span class='ocrx_word' id='word_1_309' title='bbox 1259 4120 1284 4176; x_wconf 91' lang='lat' dir='ltr'>is</span> <span class='ocrx_word' id='word_1_310' title='bbox 1303 4121 1388 4186; x_wconf 86' lang='lat' dir='ltr'>filius,</span> <span class='ocrx_word' id='word_1_311' title='bbox 1409 4122 1456 4193; x_wconf 91' lang='lat' dir='ltr'>qui</span> 
     </span>
     <span class='ocr_line' id='line_1_39' title="bbox 336 4209 1457 4281; baseline 0.003 -20"><span class='ocrx_word' id='word_1_312' title='bbox 336 4215 368 4261; x_wconf 90' lang='lat' dir='ltr'>ut</span> <span class='ocrx_word' id='word_1_313' title='bbox 387 4224 453 4262; x_wconf 90' lang='lat' dir='ltr'>osor</span> <span class='ocrx_word' id='word_1_314' title='bbox 471 4209 618 4262; x_wconf 89' lang='lat' dir='ltr'>mulierum</span> <span class='ocrx_word' id='word_1_315' title='bbox 637 4223 753 4262; x_wconf 90' lang='lat' dir='ltr'>uxorem</span> <span class='ocrx_word' id='word_1_316' title='bbox 771 4225 803 4263; x_wconf 89' lang='lat' dir='ltr'>se</span> <span class='ocrx_word' id='word_1_317' title='bbox 821 4226 879 4263; x_wconf 91' lang='lat' dir='ltr'>norr</span> <span class='ocrx_word' id='word_1_318' title='bbox 899 4225 961 4264; x_wconf 89' lang='lat' dir='ltr'>esse</span> <span class='ocrx_word' id='word_1_319' title='bbox 981 4209 1128 4263; x_wconf 90' lang='lat' dir='ltr'>ducturum</span> <span class='ocrx_word' id='word_1_320' title='bbox 1147 4209 1258 4274; x_wconf 85' lang='lat' dir='ltr'>iuravit,</span> <span class='ocrx_word' id='word_1_321' title='bbox 1278 4227 1296 4264; x_wconf 89' lang='lat' dir='ltr'>a</span> <span class='ocrx_word' id='word_1_322' title='bbox 1314 4213 1396 4281; x_wconf 89' lang='lat' dir='ltr'>patre</span> <span class='ocrx_word' id='word_1_323' title='bbox 1409 4211 1457 4264; x_wconf 87' lang='lat' dir='ltr'>ab·</span> 
     </span>
     <span class='ocr_line' id='line_1_40' title="bbox 337 4296 522 4351; baseline 0.005 -2"><span class='ocrx_word' id='word_1_324' title='bbox 337 4296 446 4351; x_wconf 87' lang='lat' dir='ltr'>dicatus</span> <span class='ocrx_word' id='word_1_325' title='bbox 466 4297 522 4351; x_wconf 78' lang='lat' dir='ltr'>sit?</span> 
     </span>
    </p>
   </div>
   <div class='ocr_carea' id='block_1_4' title="bbox 0 0 1611 5044">
    <p class='ocr_par' dir='ltr' id='par_1_5' title="bbox 0 0 1611 5044">
     <span class='ocr_line' id='line_1_41' title="bbox 0 0 1611 5044; baseline 0 0"><span class='ocrx_word' id='word_1_326' title='bbox 0 0 1611 5044; x_wconf 95' lang='lat' dir='ltr'> </span> 
     </span>
    </p>
   </div>
  </div>
 </body>
</html>
