3198 5054
597 433 842 499 -109-

162 615 229 698 (τὴν
251 613 353 697 θέσιν)
378 615 567 696 κρινόμενον
590 612 870 699 προοηγόρευκε.’)
917 611 979 677 Cic.
996 613 1080 696 part.
1098 631 1140 676 or.
1161 611 1211 691 18,
1225 611 1281 676 61:

163 721 270 785 »inest
299 771 305 785 .
330 770 336 784 .
364 719 537 786 infinitum
568 721 679 803 (θέσις)
713 719 748 783 11
780 718 918 784 definito
951 717 1140 804 (ὑποθέσει),
1173 720 1208 784 11
1238 718 1281 783 ad

143 826 238 891 ,fflud
260 829 376 892 tamen
399 824 590 891 referuntur
614 827 753 892 omnia«
796 825 851 907 (Oi.
869 825 910 890 de
926 827 993 890 inv.
1010 825 1039 889 H
1058 824 1107 907 17,
1122 825 1178 890 52:
1205 824 1281 890 »Ad

258 932 496 1000 iudicationem
528 933 837 1015 argumentationes
870 951 984 997 omnes
1020 930 1148 997 adferre
1185 951 1280 1018 opor-

158 1041 287 1122 tebit«)
322 1039 412 1106 Orat.
432 1039 482 1123 14,
495 1039 555 1105 46:
583 1039 757 1126 »quaestio
782 1061 802 1104 a
824 1038 963 1125 propriis
979 1038 1129 1124 personis
1146 1042 1180 1103 et
1195 1041 1279 1104 tem-

158 1148 294 1234 poribus
318 1147 360 1212 ed
384 1147 534 1214 universi
557 1147 688 1230 generis
712 1147 897 1212 orationem
921 1145 1077 1214 traducta
1093 1144 1281 1231 appellatur

156 1257 272 1326 θέσις.«
322 1254 403 1322 lbid.
427 1254 480 1336 36,
503 1255 581 1320 126:
620 1253 696 1320 »ille
727 1275 804 1341 pars
836 1253 1005 1336 orationis,
1037 1273 1124 1339 quae
1155 1255 1207 1318 est
1240 1252 1280 1318 de

157 1383 277 1444 genere
306 1361 473 1446 universo,
506 1365 597 1428 totas
630 1382 750 1428 causas
780 1382 880 1448 saepe
910 1361 1068 1426 continet.
1116 1357 1281 1445 Quidquid

157 1475 209 1535 est
233 1469 322 1535 enim
344 1467 436 1554 illud,
469 1469 504 1534 in
528 1489 593 1554 quo
618 1468 716 1554 quasi
746 1471 916 1534 certamen
940 1471 994 1532 est
1022 1467 1278 1547 controversiae,

157 1574 245 1662 quod
281 1574 407 1642 Graece
442 1577 631 1660 κρινόμενον
667 1574 794 1656 dicitur,
830 1574 864 1638 id
899 1574 949 1640 ita
984 1572 1046 1638 dici
1081 1573 1200 1660 placet,
1241 1575 1281 1638 ut

156 1681 353 1748 traducatur
377 1682 420 1748 ad
450 1684 648 1767 perpetuam
672 1680 905 1767 quaestionem
929 1683 1032 1766 atque
1061 1683 1102 1745 ut
1132 1680 1173 1746 de
1201 1680 1278 1744 uni-

156 1809 252 1854 verso
282 1771 401 1870 genere
429 1787 585 1854 dicatur«
640 1789 688 1854 De
718 1788 806 1853 or.ll
829 1787 979 1871 31,134:
1021 1785 1140 1852 »Nulla
1164 1835 1170 1852 .
1195 1837 1202 1852 .
1227 1789 1280 1852 est

156 1915 268 1978 causa,
290 1895 326 1960 in
350 1916 417 1981 qua
439 1894 482 1975 id,
508 1894 596 1981 quod
618 1896 653 1962 in
673 1894 832 1961 iudicium
848 1895 951 1977 venit,
976 1915 1106 1960 reorum
1127 1893 1278 1980 personis

157 2023 195 2069 ao
217 2023 285 2069 non
309 2023 470 2088 generum
493 2002 640 2087 ipsorum
665 2003 823 2068 universa
839 2000 1049 2068 dubitatione
1066 2003 1273 2088 quaeratur«

156 2111 244 2175 Ante
267 2111 351 2176 haec
370 2109 475 2175 verba
497 2108 585 2176 idem
608 2108 688 2193 fere,
714 2107 803 2195 quod
817 2108 1037 2194 Apollodorus
1052 2107 1278 2192 Hermagorae

158 2216 286 2298 obiecit,
310 2217 516 2282 invenimus:
543 2215 645 2282 »nihil
659 2217 806 2302 pertinet
822 2214 864 2282 ad
889 2216 1028 2282 oratoris
1051 2215 1142 2282 locos
1159 2213 1279 2302 Opimii

156 2343 308 2409 persona,
332 2323 415 2389 nihil
438 2323 537 2388 Decii.
584 2324 632 2388 De
664 2324 735 2408 ipso
769 2324 857 2388 enim
888 2322 1046 2388 universo
1077 2342 1196 2404 genere
1224 2321 1277 2386 in·

156 2429 254 2496 linita
285 2431 439 2516 quaestio
472 2435 551 2496 est«
602 2428 747 2495 111111.
772 2429 917 2514 32,141.
963 2429 1276 2514 Ν11111111111ἡ

156 2539 307 2608 ὑπόθεσις
337 2537 447 2602 inanis
478 2541 539 2602 est.
593 2536 679 2602 Nam
712 2540 823 2602 orator
854 2558 875 2602 a
910 2535 1046 2621 speciali
1080 2537 1277 2620 quaestione

156 2665 285 2730 semper
315 2643 536 2730 proficiscitur
566 2664 673 2729 eaque
706 2644 858 2710 subiecta
888 2643 1007 2710 idcirco
1040 2642 1275 2708 tantummodo

156 2751 196 2816 ad
232 2772 338 2834 genus
373 2751 569 2816 universum
603 2753 740 2832 transit,
776 2752 815 2816 ut
848 2750 912 2815 hoo
945 2749 1034 2816 illam
1072 2747 1277 2816 commodius

155 2861 255 2944 atque
281 2857 446 2943 copiosius
471 2856 638 2942 expediat,
664 2857 934 2944 quandoquidem
961 2857 1081 2922 »latius
1099 2857 1276 2939 degenere

155 2985 254 3049 quarn
284 2963 324 3030 de
353 2967 449 3051 parte
478 2963 662 3051 disceptare
686 2965 780 3028 licet:
811 2967 850 3028 111
873 2965 962 3048 quod
993 2965 1027 3028 in
1050 2963 1207 3028 universo
1232 2963 1277 3029 sit

154 3071 346 3157 probatum,
382 3070 415 3135 id
450 3071 484 3136 in
519 3075 614 3158 parte
650 3070 694 3136 sit
729 3070 861 3157 probari
895 3091 1060 3136 necesse«
1076 3070 1098 3157 q
1152 3071 1202 3134 Ex
1237 3090 1275 3134 eo

154 3199 294 3264 quoque,
330 3177 419 3264 quod
451 3177 674 3261 Athenaeum,
710 3181 935 3258 Hermagorae
971 3176 1150 3256 aemulum,
1186 3179 1276 3241 θέσιν

154 3288 283 3370 partem
316 3305 439 3350 causae
475 3284 698 3370 appellavisse
731 3283 955 3364 Quintilianus
987 3282 1132 3366 referte)
1167 3281 1275 3364 colligi

152 3393 265 3477 potest
287 3393 391 3464 θέσεις
421 3413 481 3477 per
504 3413 540 3456 se
563 3393 734 3458 ὑπσθέσεσι
761 3412 830 3457 111
858 3391 1017 3456 subiectis
1049 3388 1274 3456 absolvendas

153 3498 275 3564 oratori
299 3497 473 3564 Temninm
502 3519 569 3564 non
602 3498 805 3563 attribuisse.
850 3497 1022 3564 Postremo
1050 3496 1275 3583 reputandum

154 3608 205 3672 est
227 3607 282 3678 τὰς
304 3607 409 3678 θέσεις
436 3605 470 3670 in
499 3626 572 3670 eam
597 3606 801 3671 sententiam
825 3608 990 3690 acceptas,
1016 3625 1117 3690 quam
1140 3626 1202 3670 nos
1227 3604 1275 3670 eis

154 3711 338 3778 secundum
369 3711 459 3778 locos
487 3712 585 3778 modo
618 3711 757 3778 collatos
781 3711 992 3794 subiecimus,
1024 3713 1059 3774 in
1082 3714 1190 3776 totam
1222 3709 1273 3774 di-

153 3818 325 3905 sciplinam
338 3818 562 3902 Hermagorae
576 3821 654 3905 apte
671 3817 842 3905 quadrare,
859 3819 911 3882 sin
928 3821 1042 3883 autem
1058 3817 1274 3902 quaestiones

241 4016 258 4083 ¹)
279 4014 319 4069 ef.
340 4031 375 4068 ex
394 4013 535 4068 contrario
555 4013 655 4068 Thielii
674 4014 803 4083 Hermag.
822 3997 849 4082 p.
862 4013 897 4067 76
915 4011 978 4066 edu.
1000 4013 1023 4067 l.

240 4104 251 4136 2
304 4103 310 4114 .

240 4109 260 4261 ³i
280 4103 394 4258 loliani.
417 4103 485 4247 1114
487 4103 548 4246 ldie.
573 4195 645 4261 part.
672 4208 710 4246 or.
735 4191 776 4257 18,
788 4191 835 4245 el:
864 4190 1052 4261 »propositum
1076 4189 1166 4259 (θέσις)
1193 4189 1273 4261 quasi

150 4281 235 4336 latior
253 4299 318 4351 pers
339 4297 442 4336 causae
462 4281 602 4352 quaedam
621 4284 651 4335 et
669 4280 901 4334 controversiae«
922 4279 990 4350 Top.
1003 4279 1046 4345 21,
1057 4278 1099 4334 80.
