3198 5054
593 461 836 524 -125-

154 640 251 706 modo
286 639 434 726 prolatos
467 658 565 704 nemo
599 638 837 723 improbaverit
871 636 913 702 ad
938 636 1066 702 Temnii
1092 635 1276 702 doctrinam

155 747 283 830 referri3
306 767 451 833 namque
475 744 699 826 Philodemus,
724 749 763 809 ut
778 743 932 824 vidimus,
956 743 1181 838 Hermagorae
1203 746 1274 807 tra-

157 853 245 938 didit,
267 858 301 919 et
317 853 427 920 Gicero
445 853 639 936 Antonium,
654 851 856 918 Graecorum
867 851 1039 916 rhetorum
1051 848 1274 935 discipulum1)

157 961 330 1048 praecique
364 961 398 1025 in
434 959 544 1026 causis
580 957 718 1041 agendis
750 958 979 1040 exercitatum,
991 959 1017 1043 r)
1056 978 1154 1043 quem
1185 956 1276 1022 illam

158 1070 351 1152 cognovisse
382 1069 468 1132 sumi
497 1057 605 1148 liceat,
636 1065 701 1130 illis
725 1065 805 1131 locis
830 1065 1022 1151 loquentem
1046 1064 1134 1130 iecit.
1182 1061 1277 1143 Quod

158 1179 268 1240 autem
293 1174 476 1240 secundum
494 1171 689 1253 Quintiliani
712 1171 823 1238 locum
838 1170 926 1238 inira
942 1170 1083 1238 allatum
1100 1173 1136 1236 A.
1154 1170 1276 1236 Corne-

157 1281 219 1346 lius
250 1280 365 1346 Celsus
397 1280 595 1367 qualitatem
626 1279 661 1344 in
689 1300 761 1344 rem
793 1281 827 1344 01
859 1280 1017 1364 scriptum
1050 1277 1173 1359 divisit,
1206 1277 1277 1342 eius

158 1387 339 1454 rhetoricae
374 1387 537 1454 nonnulla
558 1388 759 1469 >fragmenta
787 1385 916 1452 Temnii
950 1386 1095 1468 vestigia
1125 1384 1278 1471 produnt.

159 1493 313 1581 Reliquas
345 1493 597 1560 distributiones
626 1494 715 1578 quod
738 1513 986 1579 persequamur,
1010 1513 1078 1558 non
1102 1498 1161 1557 est.
1207 1491 1278 1558 Iam

159 1623 230 1667 cum
261 1601 476 1687 partitionem
508 1601 703 1666 continuam
727 1598 952 1681 Hermagorae
981 1621 1054 1664 esse
1084 1600 1276 1682 statuimus

163 1708 308 1774 ordinem
348 1708 493 1793 partium
525 1707 698 1792 qualitatis
730 1705 964 1792 adsumptivae
997 1706 1039 1772 ab
1070 1705 1278 1786 Hermogene

160 1815 344 1880 exhibitum
377 1814 566 1899 accipimus.
620 1813 721 1880 Porro
758 1813 1002 1880 subdivisiones
1037 1811 1277 1894 mansiaticum,

160 1922 390 2007 concessionis,
420 1921 613 1987 remotionis
645 1924 679 1986 et
710 1921 847 2006 siquae
872 1919 958 1986 aliae
982 1919 1064 1986 effici
1088 1922 1278 2005 potuerunt,

157 2030 191 2094 in
223 2029 449 2110 Hermagorae
482 2031 564 2112 arte,
598 2029 718 2114 quippe
750 2028 807 2114 qui
838 2027 881 2092 ad
912 2027 1067 2094 minimas
1098 2026 1279 2112 particulas

161 2135 374 2216 descenderit,
407 2155 474 2200 non
499 2134 643 2200 defuisse
668 2138 816 2221 apparet.
863 2135 928 2200 Sed
952 2134 1034 2200 nibil
1058 2133 1138 2200 certi
1162 2132 1202 2198 de
1227 2132 1279 2198 his

160 2243 228 2307 erui
250 2246 372 2328 potest,
397 2242 462 2308 uisi
485 2242 573 2328 quod
598 2241 812 2308 similitudine
836 2241 1051 2308 rationalium
1075 2243 1109 2306 et
1124 2239 1280 2324 legalium

161 2349 395 2434 quaestionum
412 2348 586 2414 discrimen
601 2348 832 2414 translationis
850 2353 884 2414 et
895 2348 1173 2434 praescriptionis
1192 2346 1280 2433 quod

161 2454 385 2538 Hermogenes
409 2456 556 2540 praebet,
588 2455 815 2538 Hermagorae
840 2477 913 2520 esse
937 2456 1007 2521 veri
1031 2454 1189 2520 dissimile
1212 2475 1280 2519 non

161 2564 253 2644 0013)
307 2562 485 2628 Praeterea
517 2562 603 2648 quod
637 2562 864 2646 Hermogenes
896 2564 1129 2643 coniecturam,
1165 2561 1279 2642 finem,

159 2669 414 2735 translationem
437 2691 503 2735 non
529 2671 665 2735 vocavit
688 2673 807 2741 στάσεις
827 2673 964 2754 λογικάς,
987 2667 1211 2754 reputandum
1229 2669 1281 2732 est

162 2775 343 2842 secundum
376 2778 446 2842 eius
472 2775 701 2842 definitionem
725 2777 832 2863 ipsam
855 2786 910 2860 τῆς
933 2779 1060 2860 λογικῆς
1082 2777 1247 2859 ποιότητος
1256 2775 1279 2856 ⁴)

159 2881 231 2948 illas
256 2905 278 2948 a
300 2883 437 2950 notione
462 2887 614 2949 statuum
629 2883 844 2950 rationalium
859 2904 1073 2969 nequaquam
1090 2884 1219 2964 seiungi
1236 2885 1279 2964 et,

161 2989 189 3054 si
218 2990 385 3076 propriam
418 2990 697 3074 significationem
730 2990 885 3056 adiectivi
917 2994 1046 3073 λογικοῦ
1082 2993 1281 3076 spectamus

159 3117 225 3161 non
258 3099 368 3162 minus
399 3097 433 3162 in
462 3099 592 3164 ratione
625 3099 753 3184 positas
788 3119 861 3164 esse
892 3118 993 3183 quam
1025 3097 1198 3183 qualitatis
1223 3118 1281 3162 eas

161 3205 384 3289 quaestiones
421 3225 506 3290 quae
538 3205 573 3270 in
604 3205 703 3271 factis
735 3211 922 3289 versantur,
956 3209 995 3269 ut
1027 3205 1191 3284 miremur,
1225 3225 1282 3268 cur

160 3310 222 3375 has
258 3309 347 3376 solas
380 3313 441 3378 sic·
458 3312 683 3397 appellaverit.
735 3312 916 3396 Propterea
949 3310 1183 3376 tantummodo
1219 3310 1282 3375 hoc

161 3416 294 3482 demum
325 3416 396 3484 loco
428 3418 484 3483 illo
515 3418 598 3483 artis
629 3418 793 3485 vocabulo
825 3439 907 3483 usus
932 3439 1005 3483 0000
1027 3417 1169 3501 videtur,
1194 3415 1283 3503 quod

161 3523 214 3589 hic
237 3523 337 3589 simul
361 3525 431 3590 eius
456 3526 657 3591 contrarium
681 3526 917 3590 illustrandum
932 3526 1005 3590 fuit.
1051 3524 1168 3611 Neque
1183 3525 1284 3608 igitur

160 3629 387 3713 Hermogenes
410 3631 446 3696 in
468 3632 536 3696 ista
558 3654 593 3698 re
619 3634 666 3698 eis
692 3633 886 3698 auctoribus
909 3636 1084 3719 repugnat,
1117 3633 1174 3719 qui
1196 3631 1282 3698 Her-

162 3844 303 3909 1116,38:.
323 3845 512 3912 »Qualitatem
536 3845 565 3898 in
590 3862 649 3899 rem
669 3848 697 3901 et
721 3847 856 3916 scriptum
874 3847 995 3900 dividit«
1036 3846 1182 3916 (Woebrer
1200 3847 1217 3900 l.
1237 3847 1283 3900 all.

162 3932 368 4004 mew

252 4021 270 4089 ¹)
291 4023 359 4077 ibid.
372 4022 385 4075 Ι
400 4023 440 4087 18,
451 4022 487 4076 82
497 4039 570 4094 sqq.;
589 4023 614 4076 Il
629 4023 651 4087 1,
662 4023 687 4078 3.

252 4111 271 4178 ql
292 4111 370 4165 Brut.
383 4111 426 4176 44,
441 4111 505 4176 1653
526 4112 569 4176 57,
580 4111 641 4166 207.

253 4199 272 4269 ³)
292 4199 333 4252 ef.
354 4199 454 4254 'Phielii
473 4201 602 4270 Hermag.
621 4219 648 4272 p.
662 4201 705 4256 53.

255 4289 274 4358 ⁴]
295 4287 387 4343 Herm.
409 4290 456 4359 Sp.
471 4291 494 4344 ΙΙ
510 4290 605 4354 139,7;
626 4290 664 4346 01.
683 4308 710 4361 p.
726 4291 899 4354 138.12‚23;
918 4308 945 4361 p.
961 4292 1019 4356 142,
1031 4291 1069 4344 le.
