3224 5044
638 442 862 510 ,67-

187 621 338 685 mentum
362 618 472 703 offert,
497 619 635 686 nomine
665 621 797 706 propria
826 620 915 685 iuter
942 619 1053 688 medie
1081 625 1311 688 numerantur.

187 725 345 792 Eiusdem
365 725 454 792 modi
469 747 508 792 ec
526 727 724 812 partitiones
741 727 841 793 modo
858 725 1009 804 collatae,
1034 727 1155 813 quibus
1179 727 1312 794 duabus

186 831 361 918 speciebus
375 831 628 899 contradictorie
640 834 801 920 oppositis
814 833 925 900 media
936 834 1128 917 intericitur,
1144 834 1311 901 factorum

188 938 380 1005 distributio
403 938 621 1022 Hermogenis
647 945 707 1006 est
753 939 792 1006 V.
813 962 842 1026 p.
868 940 939 1023 134,
952 939 1012 1006 24:
1037 941 1156 1025 Ὥσπερ
1185 943 1220 1007 δὲ
1246 949 1311 1007 τῶν

185 1049 383 1130 προσώπων,
392 1049 477 1111 οὕτω
486 1049 540 1111 καὶ
547 1054 612 1112 τῶν
619 1051 818 1131 πραγμάτων
826 1049 887 1114 ἔστι
897 1049 1046 1132 διαφορά,
1055 1050 1109 1113 καὶ
1121 1050 1171 1134 (1.)
1182 1051 1310 1133 ἰσχυρο-

185 1156 279 1237 τάτην
301 1155 361 1237 μὲν
385 1156 521 1228 ἐξέτασιν
544 1156 715 1238 ἐπιδέχεται
738 1163 842 1229 ταῦτα,
866 1157 907 1238 ἐφ
926 1156 987 1227 ὀἷς
1009 1180 1053 1228 τις
1068 1157 1164 1227 αὐτὸς
1179 1159 1226 1228 ὡς
1240 1182 1310 1221 ποι-

185 1263 264 1344 ήσας
279 1263 422 1343 κρίνεται,
441 1261 499 1345 (2.)
518 1263 666 1344 δευτέραν
683 1263 726 1336 δέ,
743 1263 819 1326 ὅταν
835 1265 942 1346 ἑτέρου
960 1262 1017 1347 (=
1029 1265 1089 1328 οὐκ
1104 1264 1213 1346 αὐτοῦ)
1229 1266 1310 1347 πρά-

187 1372 298 1442 ξαντος
313 1371 459 1450 ἄντικρυς
474 1371 518 1439 είς
533 1369 629 1433 αὐτὸν
644 1371 839 1453 ἀναφέρηται
854 1371 890 1433 τὸ
906 1371 1103 1453 κρινόμενον,
1123 1371 1180 1454 (3.)
1197 1373 1309 1454 τρίτην,

186 1475 346 1558 ἃμεταξὺ
378 1477 500 1539 τούτων
527 1478 614 1543 ἐστίν.
660 1475 811 1561 Denique
840 1496 916 1541 oum
944 1475 1162 1559 Hermogenis
1194 1480 1311 1542 auctor

183 1582 393 1665 προβλήματα
418 1589 604 1656 συνεστῶτα,
634 1584 799 1657 ἀσύστατα,
827 1584 919 1665 ἐγγὺς
942 1585 1098 1647 ἀσύστατα
1122 1581 1307 1665 distinguit,

185 1686 363 1773 aequalem
377 1688 442 1753 init
460 1689 625 1754 rationem
642 1687 856 1774 dispertiendi
873 1692 976 1775 etque
993 1689 1044 1755 bis
1060 1692 1164 1755 antee
1178 1689 1309 1756 inierat.

188 1793 282 1874 Quae
306 1794 438 1880 quidem
463 1795 583 1861 Stoicis
607 1800 641 1860 in
666 1794 791 1861 deliciis
816 1798 898 1878 erat,
922 1796 988 1860 nisi
1011 1795 1100 1881 quod
1123 1817 1181 1882 pro
1205 1817 1309 1882 oppo-

184 1901 308 1967 sitione
332 1901 589 1968 oontradiotorie
612 1903 779 1968 contraria
802 1924 932 1988 quoque
955 1903 1157 1984 invenitur.¹t

277 2009 348 2074 Iam
372 2006 415 2074 ad
441 2011 498 2092 τὴν
520 2017 585 2074 τῶν
608 2012 749 2075 στάσεων
773 2012 922 2094 διαίρεσιν
953 2013 1176 2094 transeamus
1221 2031 1308 2096 quae

185 2115 371 2180 secundum
382 2114 601 2198 Hermogenis
618 2115 873 2202 descriptionem
889 2117 924 2182 in
940 2139 970 2204 p.
982 2117 1026 2184 66
1042 2137 1110 2183 uno
1127 2120 1309 2203 conspectu

184 2223 297 2307 posita
321 2226 381 2288 est.

274 2329 312 2394 In
345 2327 410 2395 hoc
444 2329 615 2396 schemate
649 2329 807 2396 facillime
843 2333 1088 2413 cognoscuntur
1122 2331 1308 2398 Stoicorum

183 2436 311 2522 species
345 2435 511 2522 partiendi
544 2439 765 2522 ὑποδιαίρεσις,
804 2439 1026 2522 ἀντιδιαίρεσις,
1064 2441 1227 2523 μερισμός,
1267 2439 1307 2504 de

184 2541 306 2627 quibus
337 2543 426 2629 apud
455 2543 547 2625 Diog.
571 2543 605 2610 L.
629 2542 702 2630 (VII
718 2545 758 2610 61
786 2546 847 2630 sq.)
877 2543 961 2610 haec
992 2544 1116 2631 scripta
1138 2543 1307 2610 videmus:
1375 2561 1378 2563 ·

182 2651 450 2733 ἀντιδιαίρεσις
481 2652 517 2716 δέ
548 2654 610 2716 ἐστι
640 2654 751 2734 γένους
781 2655 824 2723 εἰς
855 2651 939 2723 εἶδος
968 2652 1050 2735 τομὴ
1074 2652 1153 2716 κατὰ
1176 2654 1306 2717 τούναν-

181 2760 255 2832 τίον,
280 2759 327 2829 ὡς
349 2761 389 2822 ἀν
403 2760 468 2822 xor?
487 2760 657 2842 ἀπόφασιν,
679 2761 826 2824 οἷοντῶν
849 2761 952 2824 ὄντων
966 2759 1003 2823 τὰ
1018 2762 1079 2843 μίν
1094 2761 1174 2824 ἐστιν
1189 2761 1306 2843 ἀγαθά,

182 2866 219 2928 τὰ
251 2867 350 2930 δὀὐκ
382 2867 498 2948 ἀγαθά.
551 2868 813 2950 ὑποδιαίρεσις
841 2868 877 2930 δέ
899 2870 961 2931 ἔστι
984 2868 1130 2950 διαίρεσις
1153 2868 1203 2931 ἐπὶ
1227 2870 1307 2932 διαι-

181 2974 274 3054 ρέσει,
306 2973 374 3036 οἷον
396 2979 461 3036 τῶν
483 2975 586 3038 ὄντων
608 2975 645 3037 τὰ
668 2977 728 3056 μέν
751 2975 831 3038 ἐστιν
853 2975 971 3055 ἀγαθά,
1001 2974 1038 3037 rd
1064 2975 1160 3038 δὀὐκ
1188 2976 1306 3057 ἀγαθά,

181 3079 239 3142 καί
266 3085 332 3144 τῶν
363 3082 423 3144 οὐκ
455 3082 590 3162 ἀγαδῶν
621 3081 658 3144 τὰ
687 3082 748 3163 μέν
778 3083 840 3145 ἐστι
869 3083 964 3155 κακά,
1001 3081 1038 3144 τὰ
1070 3082 1105 3145 δὲ
1136 3083 1307 3165 ἀδιάφορα.

180 3187 367 3270 μερισμὸς
396 3187 431 3250 δέ
454 3189 516 3252 ἐστι
539 3190 649 3269 γένους
673 3189 716 3258 εἰς
737 3188 856 3257 τόπους
878 3189 1052 3261 κατάταξις,
1076 3188 1124 3257 ὡς
1146 3189 1165 3251 ὁ
1188 3188 1305 3272 Κρῖνις·

66 3322 73 3330 ·
182 3294 336 3357 οἷοντῶν
359 3295 494 3376 ἀγαθῶν
516 3295 553 3356 τὰ
576 3297 636 3375 μέν
659 3296 720 3358 ἐστι
742 3295 814 3377 περὶ
836 3295 954 3378 ψυχήν,
988 3294 1025 3357 τὰ
1050 3294 1084 3358 δὲ
1107 3295 1178 3378 περὶ
1201 3300 1305 3377 σῶμα.

177 3399 408 3484 Ὑποδιαίρεσις
446 3400 544 3483 enim,
584 3401 745 3466 continue
783 3400 982 3484 distributi0,
1022 3402 1094 3466 toto
1134 3402 1306 3467 schemate

182 3505 402 3572 translatione
435 3510 576 3592 excepta
606 3506 812 3593 perspicitur,
845 3509 1076 3592 ἀντιδιαιρέσεις
1105 3507 1170 3574 hee
1201 3509 1305 3594 perti-

181 3611 306 3678 tiones:
331 3616 517 3698 ἀφανές-
541 3616 689 3699 φανεράν,
714 3615 817 3686 ἀτελές
839 3653 883 3661 -
906 3617 1030 3689 τέλειον,
1057 3622 1189 3698 πρᾶγμα
1213 3617 1304 3680 ἀνεύ-

179 3721 283 3786 θυνον
316 3758 361 3767 -
394 3723 586 3794 ὑπεύθυνον,
621 3723 798 3804 πρόσωπον
833 3723 1011 3786 ἀνεύθυνον
1041 3759 1083 3768 -
1113 3723 1304 3797 ὑπεύθυνον,

178 3829 355 3911 μετάληψις
378 3831 538 3912 ἔγγραφος
562 3866 605 3874 -
629 3831 775 3912 ἄγραφος
797 3827 1024 3909 inveniuntur,
1053 3830 1203 3911 μερισμαί
1223 3827 1304 3894 hae:

272 4004 290 4073 ¹)
311 4003 381 4058 Vide
399 4005 480 4072 Diog.
500 4005 531 4059 Ιι.
544 4005 596 4058 Vll
609 4003 658 4060 96;
687 4047 692 4058 .
714 4047 720 4060 .
739 4008 793 4056 τῶν
817 4003 930 4074 ἀγαθῶν
947 4003 981 4055 τὰ
1000 4003 1050 4073 μὲν
1068 3999 1134 4056 εἶναι
1152 4001 1251 4068 τελικά,
1270 4003 1303 4056 τὰ

179 4089 210 4144 δὲ
227 4092 361 4159 ποιητικά,
382 4093 414 4146 cd
439 4090 467 4146 δὲ
485 4091 573 4147 τελικὰ
593 4097 638 4146 καὶ
656 4093 789 4160 ποιητικά.
827 4094 869 4148 cf.
888 4091 1012 4159 9ί,167;
1031 4093 1075 4159 42,
1089 4093 1132 4158 64,
1146 4093 1189 4156 92,
1203 4091 1246 4159 93,
1260 4093 1302 4158 95,

179 4181 375 4248 98,101,108.
412 4181 1304 4253 Stob.anth.v.11p.57‚1e;59,4‚5,8‚10,11360,1,2‚4;

180 4271 224 4336 70,
238 4272 264 4337 8,
277 4272 325 4339 21;
344 4273 388 4338 Ἡ,
403 4272 450 4339 15,
469 4272 511 4338 79,
527 4273 573 4338 18;
593 4271 637 4337 80,
652 4272 697 4338 16;
716 4271 804 4337 82‚5;
823 4271 867 4337 96,
884 4272 917 4326 18
929 4271 974 4326 W.

1088 4359 1126 4414 5*
