3224 5044
628 421 830 487 „3-

169 603 318 668 aetatem
356 598 549 684 Apollodori
585 603 621 665 et
656 598 820 666 Theodori
852 598 1053 681 floruerunt,
1089 598 1296 681 Hermogene

168 707 332 794 prioribus
376 705 533 774 dicamus.
597 705 642 771 Iis
689 706 789 790 igitur
835 726 904 771 non
946 705 1097 771 inventio
1137 705 1221 772 scita
1260 706 1297 772 et

169 815 321 897 argutiae
353 811 517 900 probandi
540 816 643 900 atque
674 813 836 879 materiae
869 812 1033 879 oratoriae
1062 816 1135 878 arte
1159 812 1294 878 conclu-

49 955 52 960 ·
169 919 313 1005 dandae,
349 922 384 986 in
419 919 541 1006 quibus
574 920 751 1006 superioris
784 919 908 986 aetatis
939 918 1105 985 rhetorica
1135 918 1295 1005 imprimis

169 1029 378 1112 vorsabatur,
412 1026 472 1092 sed
503 1026 645 1093 elocutio
677 1026 785 1093 nitida
816 1029 919 1112 atque
951 1025 1125 1112 splendida
1156 1027 1295 1112 eiusque

169 1135 353 1200 ostentatio
387 1134 556 1200 maximae
592 1154 692 1199 curae
727 1134 868 1222 11111,1)
902 1135 942 1198 ut
976 1132 1101 1199 nullius
1135 1133 1296 1200 momenti

169 1240 297 1307 fuerint
319 1239 362 1306 ad
385 1241 549 1306 rationem
575 1240 816 1326 scientiamque
840 1239 972 1306 dicendi
995 1240 1221 1307 excolendam.

258 1364 336 1431 dam
368 1385 443 1430 cum
476 1385 517 1430 ex
542 1365 696 1432 omnibus
720 1364 772 1430 bie
795 1364 1002 1450 temporibus
1025 1364 1120 1430 nulla
1142 1366 1297 1430 statuum

172 1473 365 1558 explanatio
400 1469 578 1558 perfectior
607 1493 709 1558 quam
740 1493 791 1554 ea,
827 1493 914 1558 quae
946 1471 1172 1554 Hermagorae
1207 1470 1297 1558 apud

171 1579 354 1664 complures
387 1583 542 1645 auctores
574 1577 682 1644 fertur
712 1579 921 1661 fragmentis
959 1582 1084 1662 exstet,
1117 1579 1296 1664 praecipue

170 1686 413 1772 anquirendum
436 1688 498 1768 est,
523 1686 603 1772 quid
625 1685 849 1769 Hermagoras
873 1684 914 1751 de
938 1685 1084 1751 statibus
1108 1684 1296 1773 (1111111111)

171 1813 210 1858 ac
242 1814 327 1878 quae
356 1793 441 1858 ratio
466 1813 542 1858 cum
565 1813 604 1857 eo
629 1792 831 1876 Hermogeni
854 1791 1048 1858 intercedat.
1096 1791 1162 1858 Sed
1185 1793 1295 1878 prius·

171 1920 273 1985 quam
303 1899 387 1966 haec
418 1919 637 1986 exponamus,
668 1899 827 1983 indagare
860 1898 1079 1982 studebimus
1110 1899 1191 1985 quid
1216 1903 1295 1966 ante

170 2006 409 2089 Hermagoram
441 2007 483 2072 ad
516 2027 590 2072 eam
619 2005 804 2072 doctrinam
829 2005 1036 2072 condendam
1061 2005 1219 2072 collatum
1244 2007 1295 2074 sit

173 2112 258 2177 Nam
283 2112 437 2197 quamvis
462 2134 583 2178 causas
606 2113 773 2198 posterius
797 2112 930 2179 demum
955 2112 997 2179 ad
1014 2117 1121 2180 artem
1138 2113 1296 2180 subtilem

170 2219 325 2285 redactas
341 2241 416 2286 esse
433 2220 652 2307 concedam,⁸)
670 2223 785 2286 tamen
802 2241 869 2286 non
886 2219 1013 2304 dubito,
1030 2220 1120 2307 quin,
1138 2221 1296 2306 quoniam

170 2326 413 2413 antiquissimis
456 2328 662 2412 temporibus
705 2327 903 2411 litigabatur
911 2329 935 2414 1)
974 2330 1009 2394 et
1050 2327 1216 2393 rhetorica
1254 2348 1297 2394 ex

170 2431 306 2516 iudiciis
338 2436 377 2500 ut
410 2455 511 2520 supra
542 2433 695 2518 vidimus,
731 2437 805 2500 orta
836 2438 897 2518 est,
933 2434 1040 2500 multo
1071 2435 1162 2521 prius
1194 2456 1296 2522 quam

169 2537 394 2623 Hermagorae
426 2544 541 2607 aetate
574 2541 702 2607 dicendi
733 2542 888 2636 magistri!
914 2545 1094 2628 praecepta
1126 2542 1166 2608 de
1193 2542 1296 2608 variis

170 2649 281 2712 causis
319 2646 363 2712 ad
401 2648 541 2713 rationis
576 2669 727 2715 normam
761 2649 948 2714 tractandis
984 2646 1144 2715 dederint.
1201 2648 1295 2729 Quae

171 2755 339 2821 sententia
371 2755 423 2819 his
454 2754 533 2820 locis
566 2755 791 2821 confirmatur.
837 2755 922 2821 Plat.
946 2755 1086 2822 Pbaedr.
1109 2778 1139 2842 p.
1163 2755 1226 2821 261
1252 2755 1295 2824 B:

169 2863 300 2944 μάλιστα
323 2865 383 2946 μέν
405 2887 477 2933 πως
499 2865 571 2946 περὶ
592 2863 648 2934 τὰς
671 2865 761 2934 δίκας
783 2865 903 2946 λέγεταί
914 2889 947 2928 τε
967 2866 1020 2928 καὶ
1036 2866 1188 2947 γράφεται
1203 2867 1295 2947 τέχνῃ

171 2970 384 3035 ...11111101
407 2969 490 3035 rhet.
514 2969 528 3034 Ι
546 2969 562 3034 l
588 2991 618 3055 p.
638 2970 724 3036 1354
747 2970 778 3055 b,
803 2970 863 3037 26:
886 2973 958 3054 περὶ
980 3022 985 3034 .
1004 3021 1010 3034 .
1031 2980 1088 3034 roe*
1112 2972 1296 3045 δικάζεσθαι

262 3217 280 3287 1)
294 3217 326 3272 V.
338 3218 369 3273 H.
383 3219 492 3284 Rohde‚
507 3218 559 3273 Die
573 3218 733 3274 asianisohe
745 3218 883 3273 Rhetorik
897 3217 952 3272 und
966 3217 1010 3272 die
1024 3217 1125 3272 zweite
1138 3217 1295 3287 Sophistik.

171 3307 251 3375 (Mus
270 3306 361 3362 Rhen.
380 3307 442 3361 Xbl
460 3324 487 3378 p.
510 3306 649 3378 1701111.)

259 3413 376 3481 1)11111
400 3413 537 3485 quaestio,
565 3430 637 3486 quae
662 3431 754 3486 neque
777 3432 795 3468 a
819 3415 869 3470 Gu.
889 3414 1024 3469 Pideritio
1047 3413 1098 3490 (De
1123 3413 1296 3483 Hermagora

171 3501 292 3557 rhetore.
320 3503 486 3558 Hersfeldae
507 3503 593 3572 1889.)
612 3520 704 3574 neque
723 3505 758 3559 ab
771 3504 804 3558 H.
817 3503 958 3558 Netzkero
971 3503 1177 3573 (Hermagoras¹
1191 3502 1294 3567 Cicero,

171 3590 337 3646 Cornificius
367 3609 439 3664 quae
463 3593 610 3647 docuerint
637 3593 671 3646 de
700 3593 830 3648 statibus.
878 3592 970 3647 Kiliae
992 3591 1081 3661 1879.)
1105 3608 1197 3663 neque
1220 3608 1238 3645 1
1263 3591 1295 3646 G.

171 3680 280 3734 'l'hielio
308 3681 512 3751 (Hermagoras.
559 3683 612 3736 Ein
642 3681 759 3751 Beitrag
790 3698 838 3736 zur
869 3681 1038 3736 Geschichte
1068 3681 1117 3735 der
1147 3679 1294 3734 Rhetorilr.

171 3769 303 3839 Strabbg.
325 3770 411 3841 1893.)
431 3771 562 3841 expedita
581 3773 669 3842 atque
688 3771 835 3841 explorata
852 3770 898 3836 sit,
913 3770 1006 3824 denuo
1019 3771 1157 3825 tractetur
1171 3770 1293 3839 oportet.

260 3876 279 3945 1)
299 3877 340 3931 01.
360 3876 460 3931 ’11111111
479 3877 658 3943 sententiam,
679 3878 773 3949 quiin
792 3877 862 3932 libro
883 3878 969 3932 allato
989 3893 1016 3947 p.
1038 3875 1088 3931 179
1107 3893 1148 3946 sq.
1168 3878 1295 3930 statuum

172 3964 329 4019 doctrinam
347 3966 485 4036 paulatim
504 3982 681 4058 progressam
702 3983 763 4021 esse
781 3983 895 4038 prorsus
913 3969 1008 4036 negat.

258 4071 448 4141 4)11.Χ7ΙΙΙ
474 4072 560 4128 497-
564 4072 625 4137 508,
655 4090 726 4145 quos
753 4088 851 4128 versus
880 4073 974 4140 Quint
1002 4073 1069 4128 inst.
1098 4071 1295 4136 11.1117,8

170 4160 323 4230 significat.
355 4162 398 4217 01.
418 4161 456 4216 ad
474 4162 588 4217 Homeri
606 4162 707 4228 locum,
728 4162 851 4234 quaeH.
871 4163 983 4284 Lipsius
1003 4162 1159 4233 exposuit
1151 4179 1180 4216 rn
1198 4161 1294 4231 Leipz.

171 4249 250 4306 Stud.
269 4250 322 4306 Xll
340 4252 431 4321 (1890)
450 4251 503 4306 225
522 4268 1067 4323 sqq..

1156 4339 1188 4394 l}
