3224 5044
314 590 391 654 εἶναι
413 591 562 674 πρότασις
586 591 788 674 ἀποδεικτικὴ
813 593 968 673 ἀναγκαία
992 595 1011 673 ἢ
1036 592 1173 664 ἔνδοξος·
1198 589 1237 654 οὗ
1262 591 1322 674 γάρ
1347 593 1438 661 ὄντος

315 700 394 760 ἔστιν
417 701 437 780 ἢ
461 695 500 760 οὗ
524 700 695 780 γενομένου
719 699 874 782 πρότερον
896 702 917 781 ἢ
941 700 1070 781 ὕστερον
1097 701 1205 780 γέγονε
1232 698 1267 761 τὸ
1294 705 1436 780 πρᾶγμα,

313 811 405 867 τοῦτο
429 805 558 887 σημεῖόν
582 806 641 868 ἐστι
665 811 720 868 τοῦ
745 806 904 886 γεγονέναι
926 809 947 888 ἢ
970 804 1047 868 εἶναι
1070 807 1138 869 tres
1162 803 1289 889 species
1314 824 1435 868 seeun-

315 909 394 974 dum
417 912 486 975 tres
511 909 777 996 syllogismorum
805 909 931 993 figuras
961 913 1201 976 enumerantur
1228 911 1361 996 p.-70a‚
1378 912 1435 975 ll:

313 1018 503 1100 λαμβάνεται
534 1019 569 1081 δὲ
599 1017 634 1081 τὸ
666 1025 796 1101 σημεῖον
825 1025 950 1102 τριχῶς,
982 1020 1109 1101 ὁσαχῶς
1139 1019 1193 1081 καὶ
1222 1019 1258 1082 τό
1280 1021 1379 1101 μέσον
1402 1020 1437 1081 ἐν

312 1131 377 1194 τοῖς
405 1127 568 1206 σχήμασιν·
597 1129 616 1206 ἢ
641 1125 701 1208 γὰρ
726 1126 772 1195 ὡς
795 1127 828 1188 ἒν
850 1133 896 1207 τῷ
919 1128 1040 1208 πρώτῳ
1063 1129 1082 1208 ἢ
1107 1127 1154 1196 ὡς
1176 1127 1210 1189 έν
1232 1132 1278 1207 τῷ
1300 1129 1391 1208 μέσῳ
1415 1129 1435 1208 ἢ

313 1231 360 1300 ὡς
384 1232 417 1294 ἐν
439 1237 485 1313 τῷ
507 1233 608 1313 τρίτῳ,
634 1230 722 1316 quod
745 1231 797 1296 his
823 1231 983 1317 exemplis
1006 1231 1208 1297 illustratur:

380 1356 409 1439 1)
434 1357 454 1440 ἡ
479 1358 557 1438 γάλα
581 1359 698 1439 ἔχουσα
722 1358 789 1421 κάει
858 1360 892 1440 2)
911 1360 1013 1421 ἕπεται
1028 1365 1094 1428 ταῖς
1109 1359 1260 1427 κυούσαις
1275 1357 1310 1420 τὸ
1327 1359 1436 1441 ὠχράν

467 1463 524 1545 ἥδε
548 1464 626 1544 γάλα
651 1465 713 1545 ἔχει
872 1464 1087 1528 ἀκολουθεῖδὲ
1096 1465 1249 1547 καὶταύτῃ
1259 1463 1294 1526 τὸ
1303 1465 1412 1546 ὠχράν

516 1571 574 1652 ἥδε
596 1572 664 1634 κάει
1070 1572 1127 1653 ἥδε
1150 1573 1217 1634 κάει

669 1696 702 1778 3)
727 1695 884 1766 Πιττακὸς
907 1696 1080 1765 σπουδαῖος

733 1802 891 1872 Πιττακὸς
914 1804 1015 1885 σοφάς

705 1911 735 1972 οἱ
757 1911 853 1992 σοφοὶ
877 1911 1043 1973 σπουδαῖοι

400 2032 449 2098 Do
472 2033 507 2098 vi
530 2032 788 2116 argumentandi
811 2033 929 2098 harum
954 2034 1137 2118 specierum
1161 2031 1322 2116 Stagirita
1349 2033 1434 2098 haeo

312 2138 406 2204 dicit:
430 2143 448 2204 ό
470 2140 530 2223 μὲν
554 2140 604 2203 διὰ
627 2147 683 2205 τοῦ
705 2143 837 2223 πρώτου
862 2144 1022 2225 σχήματος
1047 2141 1103 2224 (ss.
1116 2139 1333 2223 συλλογισμὸς)
1356 2141 1432 2204 ἅλυ-

309 2271 371 2320 τος,
395 2250 434 2310 ἂν
457 2248 581 2330 ἀληθὴς
602 2247 624 2332 ᾗ
650 2249 805 2331 (καθόλου
831 2251 891 2330 γάρ
915 2247 1017 2330 ἔστιν),
1045 2249 1064 2311 ὁ
1088 2249 1123 2311 δὲ
1147 2248 1197 2311 διὰ
1220 2254 1275 2310 τοῦ
1300 2249 1432 2330 ἐσχάτου

309 2354 448 2435 λύσιμος,
472 2357 532 2417 κᾶν
548 2355 666 2438 ἀληθές
681 2354 702 2438 ᾖ
717 2355 753 2418 τὸ
769 2357 991 2438 συμπέρασμα,
1017 2355 1117 2418 διὰτὸ
1132 2355 1178 2438 μὴ
1195 2353 1272 2417 εἶναι
1287 2355 1431 2418 καθόλου

308 2461 391 2543 μηδὲ
413 2461 495 2544 πρὸς
522 2462 557 2525 τὸ
580 2468 712 2545 πρᾶγμα
739 2462 794 2525 τὸν
822 2463 1037 2544 συλλογισμόν·
1070 2463 1108 2525 οὐ
1137 2461 1197 2543 γάρ
1225 2463 1254 2524 εἰ
1273 2460 1431 2531 Πιττακὸς

310 2569 492 2641 σπουδαῖος,
517 2569 567 2632 διὰ
591 2576 682 2633 τοῦτο
705 2569 854 2639 καὶτοὺς
877 2571 991 2640 ἄλλους
1015 2571 1136 2652 ἀνάγκη
1162 2569 1291 2651 σοφούς.
1335 2567 1374 2632 Ὁ
1397 2569 1432 2632 δὲ

311 2675 361 2738 διὰ
384 2683 439 2738 τοῦ
462 2678 563 2757 μέσου
598 2679 758 2759 σχήματος
786 2676 833 2739 ἀεί
860 2677 913 2739 καὶ
949 2678 1075 2748 πάντως
1110 2677 1248 2758 λάσιμος·
1281 2675 1432 2739 οὐδέποτε

310 2781 370 2865 γάρ
395 2784 506 2863 γίνεται
527 2782 735 2866 συλλογισμὸς
759 2785 861 2853 οὕτως
884 2784 1023 2866 ε’χάντων
1046 2789 1110 2846 τῶν
1134 2783 1229 2864 ὅρων·
1258 2783 1297 2845 οὐ
1321 2783 1381 2864 γάρ
1405 2784 1434 2845 εἰ

309 2890 328 2970 ἡ
360 2889 483 2952 κύουσα
516 2891 624 2972 ὠχρά,
664 2891 756 2973 ὠχρὰ
788 2891 822 2954 δὲ
852 2891 906 2954 καὶ
936 2891 1002 2973 ἥδε,
1033 2893 1119 2954 κάειν
1150 2891 1271 2972 ἀνάγκη
1307 2891 1430 2972 ταύτην.

305 2995 437 3078 Ἀληθὲς
466 2996 526 3078 μὲν
550 2995 607 3060 οὗν
635 2998 668 3060 έν
699 3000 813 3062 ἅπασιν
837 3000 968 3080 ὑπάρξει
999 3004 1062 3068 τοῖς
1095 2998 1241 3081 σημείοις,
1274 2996 1430 3079 διαφοράς

309 3102 337 3164 δ’
352 3103 458 3185 ἔχουσι
481 3103 535 3173 τὰς
559 3105 734 3186 εἰρημένας.
770 3103 829 3168 Oui
853 3103 1053 3188 expositioni
1068 3102 1121 3167 hio
1136 3100 1229 3168 loous
1244 3102 1429 3167 rhetoricae

308 3208 498 3273 Aristotelis
522 3211 564 3291 (A
588 3209 608 3274 2
632 3231 661 3295 p.
686 3209 810 3290 leeth,
828 3209 878 3295 10)
902 3210 1097 3294 respondet:
1126 3213 1205 3274 ἔστιν
1229 3211 1263 3274 δὲ
1285 3216 1350 3274 τῶν
1372 3235 1428 3293 οη-

307 3318 408 3398 μείων
431 3317 466 3380 τὸ
489 3318 548 3399 μὲν
572 3319 618 3389 ὡς
640 3318 676 3381 τὸ
699 3319 913 3381 καθ’ἕκαστον
935 3318 1017 3399 πρὸς
1040 3317 1075 3380 τὸ
1098 3318 1242 3380 καθόλου
1263 3315 1337 3390 ὦδε,
1362 3317 1430 3380 οἷον

307 3425 399 3494 εἴτις
422 3426 532 3488 εἴπειεν
548 3431 678 3508 σημεῖον
694 3424 771 3487 εἶναι
794 3425 839 3487 ὅτι
863 3427 893 3487 οἵ
916 3424 1011 3506 σοφοὶ
1027 3425 1149 3496 δίκαιοι,
1172 3424 1352 3507 Σωκράτης
1368 3424 1429 3506 γάρ

308 3530 410 3612 σοφὸς
433 3531 547 3614 ἦνκαὶ
576 3533 695 3602 δίκαιος
725 3528 788 3615 (ΠΙ.
813 3532 919 3615 spero).
931 3531 955 3616 1)
993 3538 1085 3594 τοῦτο
1115 3531 1174 3613 μὲν
1205 3531 1262 3594 οὖν
1290 3538 1428 3614 σημεῖον,

307 3638 400 3702 λυτάν
425 3640 467 3712 δέ,
496 3641 556 3702 κᾶν
580 3638 697 3721 ἀληθὲς
720 3637 741 3720 ᾗ
764 3638 799 3701 τὸ
823 3640 997 3721 εἰρημένον·
1022 3638 1241 3720 ἀσυλλόγιστον
1264 3641 1332 3721 γάρ.
1362 3639 1365 3721 i
1393 3639 1428 3702 τὸ

307 3746 351 3818 δὲ,
376 3746 442 3809 οἷον
466 3749 497 3808 εἴ
513 3771 557 3815 τις
580 3748 690 3809 εἴπειεν
706 3752 836 3828 σημεῖον
853 3747 897 3809 ὅτι
913 3752 1005 3817 νοσεῖ,
1022 3748 1160 3828 πυρέττει
1177 3747 1246 3827 γάρ,
1270 3750 1289 3827 ἢ
1305 3747 1428 3808 τέτοκεν

306 3853 352 3915 ὅτι
369 3853 447 3934 γάλα
463 3854 534 3935 ἔχει,
559 3853 731 3934 ἀναγκαῖον
747 3851 780 3933 (Ι.
797 3852 904 3939 spero).
929 3853 1008 3934 ὅπερ
1023 3858 1087 3915 τῶν
1103 3853 1244 3935 σημείων
1258 3855 1428 3935 τεκμήριον

397 4065 414 4133 ¹)
435 4064 476 4118 Cf.
495 4064 567 4118 rhet.
587 4064 609 4116 Β
623 4063 659 4116 24
676 4080 703 4135 p.
718 4064 785 4118 1401
793 4063 860 4131 b,9:
879 4063 910 4115 τὸ
930 4061 958 4114 ἐκ
978 4063 1089 4132 σημείου·
1110 4059 1294 4133 ἀσυλλόγιστον
1311 4063 1361 4133 γὰρ
1382 4067 1428 4115 καὶ

305 4155 391 4205 τοῦτο.
412 4146 468 4204 οἷον
486 4153 508 4204 εὶ
520 4172 559 4208 τις
571 4149 649 4222 λέγοι,
662 4153 721 4208 ταῖς
732 4149 825 4205 πόλεσι
837 4155 1009 4223 συμφέρουσιν
1021 4147 1049 4204 οἱ
1059 4151 1166 4223 ἐρῶντες
1179 4170 1185 4184 ·
1198 4151 1214 4205 ὁ
1225 4153 1276 4224 γὰρ
1285 4150 1427 4223 ιείρμοιλιόυ

306 4246 350 4294 καὶ
365 4240 583 4313 Ἀριστογείτονος
601 4241 666 4312 ἔρως
684 4239 806 4294 κατέλυσε
824 4242 872 4294 τὸν
889 4241 1016 4311 τόραννον
1035 4239 1183 4311 Ίττπσρχαν.
