3224 5044
792 441 994 508 ..4-

326 621 439 692 πάντες
461 625 630 704 πειρῶιααι
646 622 847 704 τεχνολογεῖν.
880 620 982 686 Jsoer.
1007 619 1082 688 adv.
1106 621 1198 707 soph.
1220 642 1265 688 or.
1281 621 1379 707 (XIII)
1399 621 1455 687 19:

326 727 444 792 Λοιποὶ
467 728 575 810 δ’ἡμῖν
598 729 672 792 εἰσιν
688 730 720 792 οἱ
733 728 797 812 πρὸ
813 730 908 811 ἡμῶν
932 729 1096 812 γενόμενοι
1117 730 1170 792 καὶ
1188 730 1243 800 τὰς
1258 731 1457 812 καλουμένας

326 837 436 917 τέχνας
467 836 588 918 γράψαι
624 835 842 918 τολμήσαντες,
878 838 935 906 οὓς
966 837 1025 900 ούκ
1053 837 1186 918 ἀφετέον
1210 838 1455 919 ἀνεπιτιμήτονς

328 943 436 1012 οἵτινες
466 943 641 1024 ὑπέσχοντο
680 943 865 1016 δικάζεσθαι
905 943 1050 1016 διδάξειν,
1086 945 1286 1026 ἐκλεξάμενοι
1319 944 1355 1006 τὸ
1380 945 1455 1007 δνσ-

327 1049 513 1132 χερέστατον
534 1054 599 1113 τῶν
623 1049 799 1132 ὀνομάτων,
824 1052 923 1114 δτάιν
938 1051 1151 1132 φθονούντων
1176 1053 1269 1134 ἔργον
1292 1049 1332 1133 ἦν
1349 1052 1455 1132 λέγειν,

327 1155 437 1220 ἀλλὀὐ
448 1161 514 1219 τῶν
532 1157 744 1239 προεστώτων
755 1162 810 1239 τῆς
820 1158 965 1239 τοιαύτης
976 1157 1173 1226 παιδεύσεως
1250 1155 1296 1222 Ol.
1311 1155 1455 1221 Panath.

328 1260 410 1342 (XII)
445 1258 466 1348 ξ
500 1261 526 1326 l.
582 1261 694 1346 Atque
726 1259 968 1344 Hermagoram
1003 1283 1046 1327 ox
1080 1263 1205 1328 artium
1239 1261 1454 1347 scriptoribus

328 1369 441 1436 aetate
466 1367 691 1454 superioribus
713 1369 912 1455 pependisse
936 1369 1021 1436 haec
1043 1369 1147 1436 verba
1166 1368 1330 1436 Ciceronis
1353 1370 1453 1434 testi-

328 1473 439 1540 monio
464 1477 546 1540 sunt
571 1473 625 1562 (dc
649 1475 715 1542 inv.
739 1475 754 1540 Ι
778 1475 808 1559 6,
834 1475 883 1562 8);
911 1476 1015 1542 »satis
1038 1475 1073 1542 in
1098 1497 1139 1542 ea
1162 1476 1222 1563 (sc.
1247 1479 1328 1558 arte,
1353 1496 1455 1561 quam

329 1580 454 1664 edidit)
478 1581 611 1648 videtur
635 1603 678 1648 ex
701 1582 848 1668 antiquis
873 1582 1002 1650 artibus
1025 1582 1196 1665 ingeniose
1223 1585 1258 1649 et
1281 1581 1456 1666 diligenter

328 1687 453 1754 electas
476 1709 529 1754 res
554 1687 746 1756 conlocasse
771 1692 806 1756 et
828 1688 980 1756 nonnihil
1001 1689 1072 1776 ipse
1088 1710 1222 1775 quoque
1239 1689 1319 1756 novi
1337 1691 1454 1775 protu-

325 1793 435 1862 lisse«
493 1794 564 1875 Quo
599 1795 671 1863 loco
706 1795 902 1881 illustratur,
938 1795 1017 1882 quid
1052 1796 1195 1862 senserit
1228 1795 1454 1876 Quintilianus

327 1901 492 1989 particula
518 1902 649 1969 »velut«
686 1924 769 1968 usus
799 1904 835 1968 ln
865 1903 917 1968 his
948 1904 1060 1968 verbis
1090 1904 1159 1968 iam
1190 1924 1292 1989 supra
1323 1900 1454 1968 allatis:

334 2010 446 2077 »Fecit
469 2058 476 2076 .
500 2060 506 2074 .
530 2007 657 2076 velut
678 2009 897 2095 propriam
920 2009 1143 2091 Hermagoras
1166 2009 1286 2076 viam«
1335 2007 1453 2094 Neque

328 2115 445 2199 solum,
471 2115 551 2202 quid
575 2117 655 2180 ante
675 2114 917 2198 Hermagoram
934 2113 1065 2180 dicendi
1080 2116 1232 2198 magistri
1249 2116 1289 2181 de
1306 2114 1453 2180 statibus

327 2223 508 2305 docuerint,
533 2221 722 2303 sedetiam,
745 2242 813 2307 qua
828 2222 958 2287 ratione
975 2224 1052 2309 post
1069 2243 1146 2288 eum
1162 2223 1251 2288 hanc
1266 2221 1454 2288 doctrinam

326 2329 537 2416 Apollodorei
553 2331 588 2395 et
600 2327 785 2395 Theodorei
801 2329 1029 2412 tractaverint,
1046 2329 1267 2415 spectandum
1284 2332 1345 2412 est,
1364 2328 1454 2415 quod

327 2457 385 2504 eos
409 2437 555 2502 statibus
579 2434 784 2522 explicandis
808 2456 944 2522 operam
968 2435 1099 2502 dedisse
1122 2435 1328 2518 intellegitur
1352 2439 1386 2502 et
1411 2455 1453 2501 ex

327 2544 551 2626 Hermagorae
585 2544 795 2629 auctoritate,
829 2542 938 2629 qualis
969 2543 1012 2608 ad
1042 2545 1195 2628 posteros
1223 2541 1393 2628 pertinuit,
1419 2544 1453 2608 et

327 2673 370 2716 ox
391 2652 472 2717 locis
497 2651 651 2737 quamvis
666 2651 792 2736 paucis,
814 2651 870 2736 qui
887 2649 930 2716 ad
947 2652 1099 2715 statuum
1116 2647 1303 2716 doctrinam
1318 2648 1452 2715 illorum

326 2757 524 2838 referuntur.
566 2757 729 2824 Rhetores
754 2761 869 2832 autem
893 2757 956 2824 has
980 2759 1091 2821 sectas
1115 2777 1222 2842 usque
1246 2755 1290 2821 ad
1312 2755 1453 2822 Hermo-

328 2885 446 2948 genem
461 2863 606 2930 insecuti
622 2862 797 2930 omittendi
813 2866 902 2947 sunt,
921 2863 1088 2949 quoniam,
1102 2865 1142 2927 ut
1155 2883 1256 2948 supra
1268 2864 1451 2947 attigimus,

326 2991 434 3058 paene
466 2970 594 3038 nullam
625 2991 759 3056 operam
786 2970 830 3036 ad
852 2968 1082 3049 inventiopem
1106 2968 1329 3052 contulerunt,
1356 2971 1451 3034 cuius

329 3081 382 3145 est
416 3079 569 3144 statuum
604 3077 790 3163 explicatio.
849 3077 884 3142 Si
921 3075 980 3162 qui
1013 3075 1065 3140 his
1101 3075 1306 3162 temporibus
1341 3077 1453 3142 causis

328 3185 534 3272 exponendis
577 3184 761 3250 studebant
798 3183 894 3250 velut
931 3183 1184 3271 Minucianus,1)
1226 3183 1262 3248 in
1300 3186 1453 3250 veterum

328 3280 457 3359 artibus
479 3291 599 3358 leviter
621 3290 792 3358 variandis
817 3312 853 3356 se
877 3291 1105 3358 continebant.
1256 3277 1260 3286 ’

418 3417 535 3502 Itaque
552 3416 736 3508 secundum
748 3415 843 3482 illum
856 3417 1072 3500 conspectum
1083 3415 1244 3482 historiae
1256 3415 1450 3498 rhetoricae,

329 3546 404 3590 cum
434 3525 568 3609 propter
599 3524 818 3607 exiguitatem
848 3521 1010 3588 materiae
1041 3522 1148 3608 prima
1176 3521 1241 3587 duo
1264 3524 1452 3607 temporum

328 3631 440 3717 spatia
456 3651 522 3696 uno
541 3630 649 3717 capito
663 3630 983 3716 comprehendimus,
996 3629 1081 3695 haec
1094 3629 1267 3715 dispositio
1282 3649 1452 3695 commen·
1479 3682 1482 3688 .

328 3739 468 3806 tationis
491 3759 587 3803 meae
616 3736 757 3804 exsistit.

417 3865 440 3932 I.
464 3862 549 3944 Quid
577 3865 657 3952 apte
680 3860 897 3928 Aristotelem
921 3859 963 3925 ad
987 3863 1140 3926 statuum
1164 3861 1349 3928 doctrinam
1373 3839 1451 3925 cou-

330 3971 472 4038 dendam
499 3969 658 4036 collatum
682 3970 734 4035 sit.

419 4187 437 4255 ¹)
457 4184 555 4255 Steph.
584 4183 738 4248 Glookner,
768 4181 955 4250 Quaestiones
981 4180 1147 4236 rhetoricae.
1175 4205 1209 4226 =
1237 4180 1326 4235 Bresl.
1354 4179 1451 4251 philol.
1552 4249 1554 4252 Ι

328 4274 487 4344 Abhaudlg.
506 4272 561 4328 vol.
582 4272 645 4328 Vlll
663 4272 733 4328 fasc.
753 4271 786 4327 H.
