3224 5044
767 427 991 493 „54-

317 609 478 672 άπέκτεινε
501 608 555 671 καλ
577 608 681 690 φόνου
698 608 815 690 φεύγει.
839 607 858 670 ὑ
882 607 942 690 γὰρ
965 607 1001 670 τά
1023 607 1180 690 πρότερόν
1195 631 1274 692 φησι
1289 607 1365 679 δοὺς
1387 610 1441 672 καλ

318 714 354 778 τὸ
386 716 421 788 ἐξ
454 715 552 778 αὑτοῦ
587 715 763 797 ἀποβαῖνον
799 714 909 779 ἔδωκε.
950 732 1025 778 cum
1061 713 1161 778 Arist.
1189 735 1219 799 p.
1239 713 1363 796 1397b,
1384 715 1440 780 15:

318 821 354 886 τὸ
371 822 450 885 δ’ύτι
472 821 546 892 τοὺς
567 823 699 904 πλησίον
721 822 825 884 τύπτει
848 821 884 891 ὅς
908 845 942 902 γε
964 821 1095 886 καὶτὸν
1116 823 1236 906 πατέρα
1261 822 1389 906 [τύπτει
1405 824 1442 886 ἐκ

319 935 375 992 τοῦ
398 930 428 992 εἰ
446 929 483 991 τὸ
498 927 589 1011 ἦττον
604 929 748 1010 ὑπάρχει,
771 928 874 991 καὶτὸ
889 929 1010 1012 μᾶλλον
1025 929 1169 1011 ὑπάρχει,
1193 930 1270 993 καθ’
1289 930 1443 1012 ὁπύτερον

320 1037 360 1099 ἂν
384 1036 439 1118 δύη
465 1034 589 1118 δεῖξαι]
620 1036 724 1098 τύπτει
754 1035 808 1097 «ἐκ
831 1041 906 1098 τοῦ»
934 1035 978 1098 ὅτι
1002 1036 1085 1099 εἰτὸ
1109 1034 1200 1117 ἦττον
1222 1037 1365 1118 ὑπάρχει,
1388 1037 1444 1099 καὶ

319 1141 355 1205 τὸ
377 1143 499 1224 μᾶλλον
521 1143 663 1224 ὑπάρχει
686 1141 759 1211 τοὺς
783 1142 843 1224 γάρ
865 1143 1003 1225 πατέρας
1025 1141 1116 1225 ἧττον
1138 1144 1304 1208 τύπτουσιν
1327 1147 1347 1227 ἢ
1369 1143 1444 1214 τοὺς

319 1248 491 1334 πλησίονλ)
529 1246 702 1313 Postremo
728 1251 831 1332 ceput
852 1249 934 1330 πρός
957 1273 993 1332 τι,
1019 1249 1108 1333 quod
1131 1248 1164 1314 in
1190 1248 1443 1333 quaestionibus

322 1357 358 1420 et
386 1352 606 1420 rationalibus
639 1357 675 1419 et
704 1353 867 1436 legalibus
894 1354 1064 1439 reperitur,
1076 1356 1100 1438 ⁹)
1131 1354 1320 1421 Aristotelis
1349 1359 1444 1422 cate-

321 1460 488 1545 goriarum
512 1482 586 1526 esse
609 1481 707 1526 nemo
730 1460 871 1544 ignorat.

411 1568 483 1634 Iam
514 1567 558 1633 ad
585 1567 714 1634 Stoicos
742 1572 964 1634 transeamus
1010 1570 1061 1634 Ac
1083 1571 1225 1655 primum
1249 1569 1382 1655 quidem
1404 1570 1445 1635 ut

322 1695 426 1761 supra
455 1673 496 1740 de
527 1674 721 1741 notionibus
750 1674 988 1760 principalibus
1018 1679 1171 1742 statuum
1199 1677 1368 1744 doctrinae
1392 1676 1445 1742 di-

321 1781 465 1849 cendum
488 1786 549 1848 est
671 1785 672 1790 ’

415 1890 442 1955 1.
473 1888 651 1955 Distinctio
687 1887 791 1954 officii
826 1892 860 1954 et
893 1888 982 1970 finis,
1015 1911 1117 1976 quam
1146 1889 1345 1956 Aristoteles
1376 1890 1445 1956 iam

325 1997 471 2080 exhibet,
496 1994 676 2061 discrimini
697 2004 753 2061 τοῦ
781 2004 904 2062 σκοποῦ
929 2000 963 2062 et
985 2005 1040 2062 τοῦ
1056 2000 1164 2071 τέλους
1180 2019 1202 2064 a
1217 1996 1337 2063 Stoicis
1352 1997 1444 2064 iacto

323 2101 514 2189 respondet,
539 2123 604 2188 quo
629 2105 719 2168 artes
743 2102 984 2170 distribuerunt
1007 2105 1042 2169 in
1065 2125 1133 2187 eas,
1158 2125 1300 2191 quarum
1322 2125 1446 2170 munus

323 2210 449 2276 finibus
473 2209 590 2275 idonee
614 2209 810 2295 appetendis
835 2210 995 2296 expletur,
1020 2213 1059 2276 ut
1081 2231 1150 2276 non
1173 2211 1242 2278 sint
1264 2211 1394 2297 positae
1410 2211 1446 2276 in

325 2316 460 2399 effectu,
494 2314 552 2382 sed
582 2317 618 2382 in
649 2318 764 2400 actu‚⁸)
797 2318 888 2382 etin
913 2338 980 2401 eae,
1011 2339 1097 2404 quae
1121 2317 1292 2384 adfinem
1315 2339 1447 2403 semper

324 2424 560 2510 perveniunt.⁴)
605 2422 738 2489 Eltenim
769 2426 809 2489 ut
838 2423 1022 2490 seeundum
1054 2425 1184 2492 Stoicos
1216 2427 1337 2497 σκοπὸς
1365 2425 1446 2492 finis

418 2568 435 2636 ¹)
455 2567 591 2636 Exempla
615 2571 711 2621 autem
736 2566 822 2620 tertio
847 2566 911 2621 loco
936 2569 1101 2637 comparata
1126 2584 1159 2621 ec
1182 2567 1256 2622 inter
1278 2583 1308 2622 se
1333 2567 1446 2622 differre

325 2660 450 2727 apparet,
476 2657 551 2729 quod
568 2660 600 2710 ut
618 2656 698 2710 notio
722 2657 870 2726 angustior
887 2654 996 2726 (πατὴρ)
1021 2657 1179 2711 necessario
1204 2657 1305 2712 latiore
1329 2657 1446 2712 notione

327 2744 349 2817 (t
361 2743 481 2816 πλησίον)
500 2745 668 2808 continetur,
687 2745 730 2798 ita
741 2745 832 2799 maior
844 2745 966 2800 eftectus
986 2743 1166 2815 (ἀποκτείνειν)
1184 2745 1319 2800 minorem
1332 2762 1448 2800 causam

326 2835 440 2905 (στίζειν)
453 2852 512 2889 non
524 2835 682 2888 necessario
696 2835 832 2906 sequitur.
870 2834 959 2901 Quam
972 2835 1008 2889 ob
1022 2851 1082 2889 rem
1094 2852 1144 2905 pro
1158 2851 1215 2889 una
1227 2835 1320 2906 specie
1332 2835 1448 2889 Hermo·
1530 2887 1536 2900 ,

326 2925 406 2995 genis
416 2924 617 2993 Hermagoram
627 2924 698 2978 duas
709 2923 876 2978 discrevisse
886 2924 1008 2979 conicio:
1022 2922 1076 2976 ἀπὸ
1085 2927 1131 2976 τοῦ
1141 2920 1278 2980 ἐλάττονος
1287 2924 1448 2979 Aristotelis

326 3015 390 3068 loco
416 3014 500 3067 modo
526 3012 614 3067 allato
641 3013 856 3067 convenientem
875 3015 904 3067 et
922 3013 1045 3083 speciem
1064 3014 1099 3068 ab
1118 3013 1295 3083 Hermogene
1313 3013 1448 3068 traditam

326 3101 395 3155 κατὰ
413 3101 445 3155 τὸ
464 3101 620 3172 ἀποβαῖνον.
656 3101 700 3157 Cf.
719 3101 835 3155 Fortun.
855 3118 882 3172 p.
898 3101 956 3166 100,
970 3103 1010 3166 15,
1021 3101 1064 3158 26.

416 3193 435 3262 1)
455 3192 547 3247 Herm.
562 3191 609 3261 Sp.
623 3191 648 3244 ll
662 3190 764 3256 154,4;
786 3191 844 3255 158,
860 3191 889 3257 1;
912 3189 1029 3257 162,16;
1051 3191 1110 3256 168,
1124 3191 1173 3258 29;
1195 3191 1253 3257 170,
1266 3191 1313 3257 32;
1336 3191 1394 3256 172,
1407 3191 1448 3245 19.

417 3283 436 3350 8)
457 3281 550 3348 Quint.
570 3279 705 3344 1117‚25.

417 3371 437 3439 ⁴)
456 3370 517 3425 Gal.
537 3386 582 3440 op.
602 3386 620 3423 a
638 3369 768 3423 Kuehnio
787 3370 830 3425 cd.
848 3373 917 3424 tom.
936 3368 1002 3424 XIV
1019 3386 1046 3440 p.
1060 3370 1125 3425 685:
1150 3367 1237 3436 διττῆς
1255 3366 1283 3422 δὲ
1302 3369 1376 3436 otone
1393 3389 1449 3436 τεχ-

327 3464 380 3514 νῶν
399 3455 528 3530 διαφορᾶς
545 3459 646 3530 (quam,
666 3458 720 3513 etsi
738 3474 797 3512 non
816 3461 859 3512 est
876 3459 996 3513 inventa
1014 3477 1032 3514 a
1052 3459 1163 3526 Stoicis,
1183 3459 1234 3514 sed
1246 3461 1282 3514 ab
1295 3459 1449 3514 Aristotele

328 3550 427 3621 petita,
446 3552 543 3603 tamen
560 3548 636 3619 apud
655 3563 704 3602 eos
722 3547 800 3617 ipsos
818 3548 954 3602 usitatam
973 3548 1081 3603 factam
1095 3565 1158 3604 csse
1170 3565 1205 3602 ex
1217 3548 1374 3603 Philodami
1387 3549 1450 3604 loco

328 3638 406 3694 brevi
429 3637 596 3708 proferendo
621 3636 816 3706 intellegetur),
842 3632 873 3689 αἱ
894 3636 944 3706 μὲν
966 3637 1017 3707 γὰρ
1039 3640 1085 3690 τοί
1103 3637 1168 3690 καθ’
1184 3636 1275 3694 ἑαυτὰς
1298 3634 1385 3694 τέλους
1409 3637 1451 3690 ἀεὶ

220 3783 222 3790 ,
328 3726 500 3799 τυγχάνουσιν,
526 3725 559 3782 ὡς
583 3725 717 3792 τεκτονικὴ
741 3729 786 3778 ναὶ
809 3726 953 3796 ναυπηγικὴ
977 3723 1206 3795 νάὺσίκσδομιιιή·
1231 3721 1264 3778 αἱ
1286 3723 1314 3780 dd
1332 3724 1449 3795 ἐφίενται

328 3817 378 3887 μὲν
399 3819 445 3870 τοὺ
464 3815 562 3868 ἑαυτῶν
578 3812 673 3878 τέλους,
699 3814 733 3872 ὡς
751 3819 855 3879 σκοποί,
880 3815 925 3868 οἰνι
944 3815 985 3868 ἀεὶ
1004 3812 1032 3868 dd
1051 3815 1129 3869 αὑτοῦ
1146 3815 1320 3886 τυγχάνουσιν,
1339 3813 1393 3868 ἀλλ’
1417 3815 1451 3872 ὡς

329 3905 374 3959 ἐπὶ
391 3905 422 3958 τὸ
440 3903 515 3968 πολύ,
535 3901 575 3958 διὸ
593 3908 639 3956 καί
657 3909 825 3971 στοχαστικαὶ
843 3902 971 3974 λέγονται.
989 3904 1088 3958 τούτων
1106 3905 1140 3958 ἂν
1158 3906 1197 3973 εἰη
1214 3909 1260 3958 καί
1278 3904 1390 3977 ἰατρικὴ,
1417 3905 1452 3961 ὡς

330 3994 454 4067 ῥητορικὴ
471 3998 516 4046 nat
533 3993 702 4065 κυβερνητικὴ
713 3998 758 4046 nat
770 3993 869 4060 τοξικὴ.
901 3993 941 4050 Ol.
955 3995 1017 4050 Gal.
1029 3998 1165 4066 protrept.
1178 4012 1204 4066 p.
1219 3994 1323 4066 40sqq.
1336 3994 1451 4061 Kaibel;

330 4084 425 4140 Schol.
445 4083 563 4154 Dionys.
581 4082 681 4139 Thrac.
701 4101 727 4154 p.
749 4084 853 4147 111,15
872 4083 958 4154 Hilg.;
978 4085 1057 4139 Alex.
1070 4085 1195 4154 Aphrod.
1214 4085 1243 4139 in
1256 4085 1373 4139 Aristct.
1391 4087 1451 4154 top.

330 4174 376 4244 (ad
394 4189 421 4243 p.
436 4171 518 4237 lOlb,
532 4173 559 4243 5)
577 4190 604 4244 p.
617 4173 703 4237 32‚15
716 4190 757 4244 sq.
776 4173 874 4227 wall:
895 4213 902 4228 .
922 4215 928 4228 .
949 4215 955 4228 .
977 4174 1010 4244 (p.
1024 4173 1068 4238 33,
1081 4172 1122 4243 10)
1141 4171 1184 4224 ἐπὶ
1204 4212 1211 4226 .
1231 4176 1309 4227 ,τῶν
1326 4171 1452 4226 τοιούτοιν

329 4263 379 4333 (sc.
399 4263 582 4333 στοχαστικῶν)
609 4266 705 4328 τεχνῶν
729 4261 774 4315 οὑκ
797 4261 851 4316 ἀπὸ
875 4266 928 4315 τῶν
953 4262 1138 4333 ἐπιγινομένων
1161 4259 1243 4315 τελῶν
1266 4261 1391 4334 ἠτρίοις,
1418 4261 1452 4318 ὡς
