3198 5054
749 386 992 452 ,148-

358 561 429 646 164,
444 562 480 627 2;
494 563 750 647 Ἠπραγματικὴ
764 566 842 629 ‹itot-
966 565 1040 648 342,
1055 567 1091 632 7:
1126 565 1293 632 Dividitur
1326 589 1431 651 nego-

310 676 405 752 ρεῖτσι
425 672 563 752 νομίμῳ,
581 671 702 753 δικαίῳ,
720 674 842 754 συμφέ-
898 670 987 737 tialis
1010 671 1126 754 legalis
1150 672 1306 757 legitima
1329 675 1430 757 iust0‚

309 801 403 858 ροντι,
449 777 584 859 ὄννστῷ,
628 778 759 860 ἐνδόξῳ,
797 784 843 860 τῷ
897 778 980 862 utili,
1013 778 1171 864 possibili,
1202 777 1353 864 honesta
1383 782 1432 847 ita

309 884 518 967 ἕκβησσμένῳ
897 887 935 951 ut
959 888 994 950 et
1008 885 1044 949 in
1060 886 1261 952 contraiium
1278 890 1430 974 exparte

897 990 1029 1057 diversa
1066 1013 1124 1078 per
1158 992 1306 1076 singulos
1339 993 1430 1060 loeos

898 1097 1094 1185 disputetur.

357 1219 382 1284 l.
411 1219 553 1302 164,10:
588 1221 630 1283 Τὸ
661 1223 765 1286 τοίνυν
788 1223 842 1286 vo·
944 1223 970 1288 1.
995 1223 1118 1306 342,9;
1135 1223 1230 1303 Quod
1246 1225 1334 1290 anim
1346 1224 1432 1291 aller

307 1352 368 1410 μιμ
388 1329 459 1392 ovio
480 1327 540 1410 μὲν
556 1335 593 1411 τῇ
609 1329 762 1411 ἐγγράφῳ
784 1337 843 1414 μιᾷ
896 1328 1079 1412 legitimum
1127 1351 1202 1396 esse
1248 1331 1429 1415 contendit,

308 1436 841 1517 τῶννομικῶνὺποπίτττειστάσεων,
896 1435 981 1502 altor
1004 1457 1046 1502 ex
1070 1436 1188 1503 eodem
1211 1436 1293 1521 Ιοοο,
1318 1439 1346 1503 si
1370 1459 1430 1524 po-

309 1543 412 1606 ...ἐν
436 1541 471 1606 δὲ
493 1548 531 1624 τῇ
556 1543 694 1625 ἀγράφῳ
713 1543 749 1606 τὸ
766 1544 842 1614 ἔθος
897 1544 984 1626 terit,
1018 1544 1201 1610 contendet
1229 1546 1429 1611 eontrarium

309 1649 357 1718 ὡς
378 1649 515 1731 νόμιμον
539 1650 724 1724 ἐξεταστέον,
742 1699 748 1712 .
765 1703 771 1715 .
789 1700 795 1712 .
895 1650 1036 1733 legibue,
1061 1650 1090 1715 si
1111 1653 1173 1716 aut
1186 1650 1243 1716 lex
1258 1650 1372 1738 aliqua
1389 1672 1431 1716 ex

896 1755 1026 1823 diverso
1059 1758 1259 1843 repugnabit
1289 1760 1350 1824 aut
1376 1779 1430 1824 ro·

895 1865 985 1946 gatio
1006 1867 1068 1930 aut
1082 1867 1219 1950 paetum
1235 1869 1296 1931 aut
1311 1864 1430 1930 foedus

746 1977 841 2034 ταῦτα
896 1974 958 2036 aut
980 1970 1135 2037 naturale
1159 1971 1212 2036 ius
1228 1974 1289 2037 aut
1304 1992 1428 2037 mores:

310 2075 459 2138 ὃὲπάλιν
482 2077 649 2140 ἒνστάσει
672 2078 840 2141 καὶάντι-
896 2080 1012 2143 contra
1057 2098 1144 2163 quae
1191 2081 1323 2144 utemur
1369 2081 1430 2144 aut

308 2183 540 2264 παραστάσει
562 2183 804 2266 monseunaco
895 2185 1109 2268 negatione
1141 2187 1202 2250 aut
1234 2185 1428 2273 opposito.

352 2305 382 2369 2.
409 2303 482 2387 164,
496 2305 554 2369 22:
577 2307 613 2371 τὸ
637 2309 759 2372 δίκαιον
939 2310 969 2373 2.
993 2308 1141 2392 342,17;
1165 2309 1292 2376 iustum

353 2429 382 2494 3.
410 2428 481 2512 164,
497 2431 555 2495 25:
578 2432 613 2496 τὸ
637 2435 803 2516 συμφέρον
940 2434 968 2498 3.
993 2433 1068 2516 342,
1081 2433 1133 2501 27:
1156 2434 1248 2501 locus
1271 2435 1429 2500 utilitatis

311 2520 319 2536 “
350 2555 381 2621 4.
408 2554 530 2637 nae:
553 2557 589 2621 a
614 2559 747 2622 atate
939 2557 969 2622 4.
993 2559 1068 2640 342,
1083 2558 1142 2624 32:
1167 2558 1324 2644 possibile

354 2680 839 2765 165,12;ἀντὸτῶνττορακολου-
1167 2666 1427 2752 exponens...

306 2789 455 2853 θούντων
477 2795 541 2858 τοῖς
566 2791 752 2870 προσώποις

352 2894 381 2958 5.
408 2892 480 2975 165,
494 2893 553 2958 28;
576 2894 611 2958 τὸ
635 2897 766 2970 ἔνόοξσν
939 2896 968 2961 5.
993 2895 1066 2979 342,
1079 2896 1137 2961 33:
1170 2894 1263 2962 loeus
1295 2895 1429 2962 honesti

352 2999 531 3080 6.166,4;
561 3001 596 3065 τὸ
624 3004 840 3087 ἐκβησόμενον
904 3027 911 3042 ·

50 3103 104 3173 Vl.
117 3103 305 3171 Translatio
355 3105 427 3191 166,
444 3108 483 3173 16
493 3129 499 3172 :
509 3109 554 3172 Ἡ
560 3111 733 3193 μετάληψις
748 3111 841 3174 πάλιν

305 3220 325 3300 ἡ
353 3217 413 3299 μὲν
444 3218 604 3298 ἔγγραφος
634 3219 723 3291 ἐστιν,
753 3219 773 3300 ἡ
806 3218 841 3282 δὲ

306 3327 462 3407 &noanon
485 3325 539 3386 καὶ
562 3326 581 3407 ἡ
605 3325 665 3406 μὲν
681 3327 841 3407 ἔντροφος

306 3432 403 3495 τελεία
426 3434 459 3495 τέ
482 3433 542 3495 ἐστι
558 3432 765 3514 παραγραφή,
787 3431 841 3494 καὶ

305 3539 341 3602 τὸ
364 3538 520 3620 πρότερον
541 3539 664 3620 ζήτημα
679 3538 750 3619 περὶ
765 3539 840 3620 μίαν

306 3646 484 3727 εὑρίσκεται
518 3646 622 3708 στάσιν
655 3650 719 3708 τῶν
750 3669 839 3726 νομι-

306 3758 384 3826 κῶν,
409 3801 415 3816 .
440 3803 446 3816 .
471 3803 477 3816 .

355 3874 427 3956 166,
445 3875 504 3941 27:
526 3879 544 3960 ἡ
561 3878 698 3958 προτέρα
715 3878 840 3959 ζήτησις
940 3872 1015 3957 339,
1028 3873 1059 3938 1;
1073 3873 1159 3939 Zeno
1170 3873 1427 3960 praescriptivaa

307 3983 386 4047 κατὰ
410 3983 506 4067 ῥητὸν
529 3985 583 4046 καὶ
603 3984 744 4047 διάνοιαν
761 3983 839 4064 γίνε-
895 3980 944 4046 ait
967 4000 1088 4046 causas
1112 3980 1224 4065 scripti
1247 3983 1281 4045 et
1304 3980 1426 4046 volun-

305 4114 362 4163 ται,
387 4139 394 4154 .
418 4136 425 4154 .
895 4087 976 4152 tatis
997 4108 1081 4168 esse,
1099 4085 1297 4171 metalepsin
1313 4078 1426 4152 autem

894 4192 1149 4260 translationem
1173 4191 1263 4258 facit.
