3224 5044
622 425 839 491 -53..

168 607 360 688 ραλίλειττται
383 605 463 669 κατὰ
488 607 592 688 φύσιν,
623 606 677 668 καὶ
701 606 791 688 ἡμεῖς
820 606 971 680 πολλάκις
993 606 1207 688 παρελίπομεν
1230 606 1290 668 οῦκ

169 715 202 777 ἒν
225 719 427 796 πραγματικῇ
450 713 561 795 μόνον,
586 711 663 775 ἀλλὰ
686 713 740 776 καί
763 718 934 794 πανταχοῦ.

260 817 333 900 167,
347 817 407 882 2οῑ
436 801 568 902 λέγομεν
597 819 631 882 δὲ
654 820 716 901 οὐχ
739 820 786 889 ὡς
809 819 1009 900 διαιροῦντες,
1041 819 1106 882 ἀλλ’
1140 819 1187 888 ὡς
1209 817 1291 901 πρὸς

168 927 297 999 ἔνδειξιν
304 934 359 1008 τῆς
369 927 498 1008 φύσεως
505 932 570 989 τῶν
577 926 770 1008 κεφαλαίων,
784 925 851 989 ἐπεὶ
861 926 962 989 πολλά
974 927 1035 990 ε’στι
1042 932 1107 995 τοῖς
1120 926 1291 1007 διαιροῦσιν

168 1034 305 1098 ἐνταῦθα
329 1034 432 1098 εἰπεῖν.

260 1138 331 1223 170,
344 1138 380 1204 ὃς
404 1141 484 1222 τάχα
508 1140 581 1203 δ’ἅν
602 1164 647 1209 τις
670 1139 746 1202 αὐτὸ
770 1140 824 1202 καί
846 1140 1051 1221 μεδοδεύσειε
1073 1141 1211 1222 διαιροῦν.
1235 1146 1291 1203 νῦν

168 1249 202 1310 δὲ
226 1249 316 1330 ἡμεῖς
339 1249 378 1310 οῦ
403 1247 594 1329 διαιροῦμεν,
618 1246 695 1309 ἀλλὰ
717 1246 754 1308 τά
778 1247 934 1329 κεφάλαια
959 1247 1132 1329 δείκνυμεν,
1156 1247 1210 1309 καί
1231 1248 1292 1310 ἔστι

169 1355 302 1436 φανερά.
476 1431 477 1434 ¹
545 1373 547 1377 ’

260 1459 332 1540 170,
346 1459 405 1524 22;
429 1461 579 1530 πολλάκις
603 1460 637 1524 δὲ
661 1461 929 1544 διεμαρτυράμην,
955 1462 1001 1530 ὡς
1024 1462 1063 1524 οῦ
1088 1461 1219 1544 διαιρῶν
1241 1461 1291 1523 λέ-

170 1591 219 1649 γω
242 1573 308 1640 νῦν,
332 1568 409 1632 δ’σον
433 1567 467 1631 δὲ
490 1566 572 1649 πρὸς
588 1567 717 1640 ἔνδειξιν
732 1573 797 1631 τῶν
812 1568 996 1649 κεφαλαίων
1011 1574 1106 1630 ταῦτα
1123 1567 1292 1649 ἑκτίδεμαι.

259 1690 399 1775 Insuper
432 1711 471 1755 eo
509 1710 656 1776 quoque,
693 1689 781 1775 quod
809 1689 1036 1773 Hermogenes
1068 1689 1292 1776 appellatione

169 1806 225 1881 τῆς
241 1799 427 1881 διαιρετικῆς
441 1800 552 1881 τέχνης
567 1817 596 1881 p.
609 1795 714 1879 206,1
741 1800 776 1862 et
791 1797 868 1880 209,
878 1798 921 1863 20
937 1800 1090 1862 statuum
1108 1796 1293 1868 doctrinam

169 1902 347 1985 significat,
380 1925 456 1968 eum
484 1903 539 1968 vel
569 1903 681 1990 potius
714 1904 785 1968 eius
818 1906 989 1969 auctorem
1020 1904 1186 1968 rationem
1213 1923 1292 1990 par-

169 2009 274 2074 tiendi
307 2010 468 2096 imprimis
504 2011 710 2096 spectavisse
746 2009 965 2076 manifestum
996 2014 1056 2076 est.
1113 2011 1184 2076 lam
1217 2030 1293 2084 oum

170 2117 273 2182 Stoici
306 2115 488 2202 cupiditate
520 2118 665 2202 quadam
699 2117 920 2184 distribuendi
950 2119 1092 2204 permoti
1122 2119 1156 2183 in
1190 2139 1230 2184 ea
1257 2139 1292 2183 re

171 2245 381 2309 summopere
403 2225 531 2290 versati
559 2229 682 2306 essent,
694 2227 717 2307 1)
748 2228 923 2311 tamquam
953 2247 995 2290 ex
1019 2225 1156 2291 officina
1179 2245 1292 2291 eorum

170 2331 211 2395 ad
237 2332 412 2397 materiam
436 2331 614 2397 oratoriam
639 2330 808 2396 subtiliter
831 2331 1043 2414 digerendam
1066 2333 1293 2397 instrumenta

172 2437 319 2522 depromi
354 2440 618 2504 consentaneum
657 2442 737 2504 erat.
799 2437 916 2524 Itaque
955 2439 1109 2525 quaestio
1149 2440 1282 2505 exsistit

171 2565 339 2630 quaenam
370 2544 484 2610 Stoica
514 2545 549 2609 in
579 2544 799 2628 Hermogenis
830 2548 978 2611 tractatu
1012 2549 1162 2611 statuum
1194 2550 1291 2632 pate-

168 2650 243 2716 iierr'
280 2651 419 2736 possint.
489 2651 569 2717 Tale
608 2653 688 2738 quid
733 2653 767 2717 in
808 2651 941 2718 exordio
984 2653 1058 2738 ipso
1099 2653 1291 2735 detegimus.-

169 2757 396 2841 Hermogenos
421 2759 519 2842 enim,
546 2781 620 2825 cum
645 2781 666 2824 a
690 2761 928 2846 quaestionum
944 2759 1090 2826 civilium
1113 2761 1291 2845 partitione

172 2864 292 2930 eximie
317 2865 488 2931 laudanda
504 2845 636 2932 initium
653 2868 750 2952 capit,
777 2870 816 2932 ut
831 2867 1014 2950 legentium
1030 2867 1160 2933 animos
1176 2868 1293 2932 statim

170 2972 203 3036 in
235 2992 305 3037 rem
339 2973 545 3059 propositam
575 2972 726 3056 inclinet,
764 2974 846 3038 artis
881 2973 1064 3040 rhetoricae
1101 2974 1291 3040 definitione

169 3079 407 3163 praetermissa
429 3080 464 3144 in
488 3082 624 3146 notione
646 3081 727 3145 artis
745 3079 929 3146 secundum
946 3081 1075 3146 Stoicos
1092 3082 1294 3147 adumbrata

173 3187 362 3270 acquiescit.
416 3185 509 3252 Haec
540 3189 621 3252 sunt
652 3188 722 3252 eius
757 3187 862 3252 verba
883 3186 936 3273 '(p.
968 3188 1040 3270 133,
1057 3188 1107 3268 4l:
1153 3189 1293 3252 Πολλῶν

169 3294 271 3356 ὄντων
301 3295 355 3357 καί
384 3295 542 3377 μεγάλων,
574 3298 594 3358 δ
624 3296 681 3378 τὴν
714 3295 885 3378 ῥητορικὴν
913 3297 1068 3379 συνίστησι
1099 3297 1153 3370 καὶ
1182 3297 1293 3378 τέχνην

169 3407 259 3474 ποιεῖ,
282 3403 525 3484 καταληφθέντα
548 3427 581 3466 τε
607 3404 642 3476 ἐξ
664 3404 765 3486 ἀρχῆς
789 3404 910 3486 δηλαδὴ
935 3404 987 3466 καλ
1012 3405 1292 3486 συγγυμνασδέντα

169 3513 215 3588 τῷ
238 3509 356 3591 χρόνῳ,
388 3517 476 3592 σαφῆ
505 3535 537 3573 τε
568 3510 625 3591 τὴν
656 3511 814 3591 ὠφέλειαν
844 3512 1046 3594 παρεχόμενα
1077 3518 1124 3593 τῷ
1146 3513 1208 3594 βίῳ
1231 3513 1293 3575 κάν

261 3741 281 3805 ¹)
300 3738 470 3809 Chrysippus
500 3741 613 3810 scripsit
636 3744 697 3811 περὶ
722 3743 775 3792 τῶν
800 3736 951 3810 διαιρέσεσιν
976 3744 1005 3795 et
1027 3741 1134 3792 πιθανὰ
1156 3741 1222 3810 πρὸς
1246 3742 1293 3797 τὰς

170 3822 308 3897 διαιρέσεις
325 3831 370 3880 καλ
388 3827 422 3880 τὰ
440 3830 501 3898 γένη
518 3829 616 3880 καὶτὰ
635 3826 698 3896 είδη,
718 3834 751 3884 ut
770 3829 1132 3898 refertDiog.L.V11200.
1152 3830 1194 3884 Of.
1207 3831 1290 3896 Plut,
1377 3905 1383 3913 Ι

170 3915 212 3970 Dc
230 3932 330 3972 comm.
349 3923 409 3972 not.
428 3935 454 3988 p.
471 3917 536 3972 1081
547 3919 580 3972 ll:
600 3917 757 3988 Χρύσιππος
776 3958 782 3972 .
803 3958 809 3972 .
829 3915 983 3988 βουλόμενος
1001 3915 1160 3987 φιλοτεχνεῖν
1171 3922 1233 3989 περὶ
1244 3919 1293 3984 τὴν

171 4000 307 4075 διαίρεσιν.
344 4006 400 4061 Cic.
414 4007 495 4061 Tusc.
515 4006 587 4078 disp.
599 4008 638 4061 IV
650 4009 674 4074 5,
686 4009 714 4062 9:
739 4009 926 4079 »Chrysippus
939 4013 969 4063 et
981 4009 1069 4062 Stoici
1082 4024 1144 4062 cum
1159 4010 1193 4062 de
1206 4009 1292 4063 animi

171 4095 428 4164 perturbationibus
449 4095 603 4166 disputant,
627 4113 761 4166 magnam
784 4101 894 4168 partem
913 4099 941 4150 in
959 4098 1004 4152 his
1023 4098 1178 4168 partiendis
1198 4101 1226 4152 et
1246 4098 1293 4152 dc·

169 4183 303 4237 liniendis
328 4185 459 4254 occupati
482 4190 550 4240 sunt
570 4228 575 4240 .
596 4227 602 4242 .
623 4228 628 4242 .
650 4229 655 4240 .
675 4187 771 4257 spinas
790 4187 931 4256 partiendi
951 4229 956 4242 .
977 4229 983 4242 .
1004 4230 1010 4242 .
1032 4209 1054 4240 .‹
1093 4188 1191 4242 Prantl
1209 4188 1226 4242 1.
1246 4187 1291 4244 all.

170 4287 196 4342 p.
209 4271 272 4337 417,
291 4273 409 4345 422sqq.
