3198 5054
656 417 879 482 ..73..

207 594 441 662 tantummodo
465 595 638 677 rationem,
663 615 750 680 quae
772 594 860 659 inter
882 614 934 659 res
957 591 1142 675 intercedit,
1167 592 1327 672 attinet.¹)

208 702 364 769 Similiter
387 702 603 788 quaestiones
626 700 810 768 rationales
834 703 869 766 et
890 699 1015 782 legales
1039 697 1221 764 secundum
1242 698 1329 764 Her-

206 811 356 894 mogenis
380 808 627 895 discriptionem
663 808 769 874 statui
792 807 966 894 qualitatis
990 808 1183 893 suppositae
1214 809 1328 872 trans—

206 916 324 983 lationi
359 915 510 982 obiectae
546 918 635 998 sunt,
673 916 831 1001 quoniam
862 913 927 979 illis
963 914 1003 979 de
1038 912 1196 999 peculiari
1232 911 1328 979 modo

207 1023 328 1108 agendi
351 1023 407 1091 vel
438 1021 605 1090 efficiendi
628 1043 846 1109 personarum
876 1041 1051 1107 rerumque
1082 1025 1112 1102 (e
1144 1020 1329 1085 rationibus

208 1133 297 1215 iusti,
321 1131 469 1215 legitimi,
494 1129 595 1213 utilis,
628 1130 760 1195 honesti
783 1127 972 1214 iudicando)
996 1127 1177 1215 quaeritur,
1208 1128 1243 1192 in
1266 1125 1330 1191 hac
1360 1179 1366 1192 .

209 1241 323 1304 autem
362 1237 633 1304 circumstantiae
669 1233 804 1303 tanturn
843 1236 957 1321 aliqua
990 1255 1077 1321 pars,
1118 1255 1186 1300 non
1221 1235 1329 1319 ipsum

208 1347 335 1412 factum
358 1345 393 1410 in
417 1344 678 1416 controversiam
703 1343 1044 1430 disceptationemque
1069 1340 1165 1407 cadit.
1212 1341 1329 1426 Itaque

209 1453 357 1519 conicere
387 1452 467 1517 licet
495 1453 530 1516 τὸ
560 1454 677 1516 τέλειον
707 1453 896 1534 κρινόμενον
926 1471 984 1536 pro
1016 1470 1067 1529 ec,
1097 1449 1186 1534 quod
1213 1447 1331 1533 reliqui

210 1563 322 1625 status
353 1557 588 1625 subdividendi
618 1579 722 1624 causa
754 1555 1035 1644 appellationibus
1070 1554 1330 1638 generalioribus

210 1667 448 1749 significantur,
479 1666 514 1729 in
545 1667 580 1730 τὸ
603 1667 686 1749 πρός
707 1692 735 1728 τι
759 1668 792 1730 ct
814 1666 849 1729 τὸ
873 1666 955 1747 πρός
976 1690 1003 1728 τι
1026 1666 1097 1735 πὼς
1119 1666 1194 1746 ἔχον
1219 1660 1330 1726 distri-

209 1773 330 1840 butum
353 1794 437 1854 esse,
462 1793 529 1858 qua
552 1773 587 1838 in
603 1771 784 1859 partitione
807 1770 889 1837 illud
911 1770 1126 1857 quaestiones
1149 1767 1330 1835 rationales

211 1883 246 1946 et
268 1879 393 1963 legales
424 1879 662 1965 complectitur,
694 1879 757 1944 hoo
780 1877 1012 1944 translationis
1043 1897 1166 1943 nomen
1190 1896 1330 1958 genera-

209 1987 274 2052 lius
298 1990 358 2053 est.

299 2094 425 2175 Quibus
465 2092 739 2158 similitudinibus
778 2091 1015 2158 demonstratis
1062 2090 1331 2157 convenientiam

211 2201 379 2267 doctrinae
403 2199 535 2267 Stoicae
564 2200 806 2283 categoriarum
837 2202 872 2265 et
894 2198 982 2265 illius
1006 2197 1228 2285 discriptionis
1260 2199 1331 2261 sta-

209 2313 315 2390 tuum,
351 2327 452 2393 quam
481 2297 708 2389 Hermogenes
742 2305 889 2388 tradidit,
925 2305 989 2371 hoc
1022 2305 1116 2371 brevi
1151 2305 1332 2390 conspectu

208 2413 306 2480 facile
331 2414 505 2480 contueris

570 2542 597 2604 ri

267 2637 899 2762 sN

248 2777 361 2838 ἄποιον
386 2798 464 2835 ‹-<‹<
488 2777 698 2858 ὑποκείμενον
721 2799 799 2836 >›>›—›
820 2775 913 2838 ποιόν

237 2875 364 2956 ἀφανές·
390 2895 469 2933 4-1(
497 2874 686 2955 κρινόμενον
700 2897 779 2934 >›>›-÷
791 2873 936 2957 ’φανερόν

211 2991 389 3072 morconis
639 2971 1056 3082 Α

606 3096 744 3176 ποιότης.
929 3094 1000 3163 πὼς
1024 3095 1098 3175 ἔχον

619 3301 729 3370 ἀτελές·
949 3299 1072 3362 τέλειον·

640 3408 717 3489 ὅρος
757 3393 1283 3509 Α

705 3523 787 3604 πρός
809 3546 836 3584 τι
1021 3517 1103 3599 πρός
1124 3541 1151 3579 τι
1173 3516 1245 3585 πὼς
1260 3517 1334 3597 ἔχον

676 3679 679 3686 .
712 3623 842 3703 ποιότης
1115 3614 1289 3697 μετάληψις

534 3718 1059 3842 Α

478 3855 550 3937 περὶ
572 3855 741 3937 πράγματα
902 3849 974 3931 περὶ
997 3847 1076 3930 ῥητά

303 4066 321 4135 ¹)
341 4066 411 4120 Vide
430 4065 586 4120 Prantlium
609 4066 625 4119 l.
646 4064 690 4118 all.
719 4080 746 4133 p.
765 4063 818 4116 435
843 4061 908 4115 adn.
930 4059 978 4114 101
1005 4058 1079 4127 (Arn.
1104 4055 1138 4110 fr.
1158 4054 1244 4110 Stoic.
1264 4071 1290 4108 v.
1310 4055 1335 4107 11

213 4175 241 4212 11.
260 4155 313 4212 403
338 4173 364 4226 p.
385 4155 444 4221 132,
454 4154 512 4225 42):
537 4152 604 4224 πρός
627 4173 654 4205 τι
678 4152 727 4220 μὲν
751 4149 875 4221 λέγουσιν,
899 4147 949 4202 dou
972 4145 1026 4200 κατ’
1063 4145 1158 4198 οὶκεῒον
1182 4145 1334 4214 χαρακτῆρα

216 4241 366 4312 διακείμινό
384 4263 440 4300 πως
458 4241 579 4296 &novae
597 4241 664 4312 πρὸς
682 4240 778 4311 ἕτερον,
797 4237 864 4311 πρός
881 4258 908 4290 τι
927 4234 953 4290 di
975 4236 1031 4292 πὼς
1049 4235 1149 4301 ἔχοντα,
1169 4231 1219 4284 ὅσα
1236 4230 1336 4299 πέφυκε
