3224 5044
638 419 860 484 ..35-

189 595 355 662 adhibere.
401 595 494 661 Haec
524 597 612 661 enim
644 595 795 662 definitio
828 597 974 662 muneris
1006 599 1141 664 oratorii
1172 599 1204 662 in
1238 599 1310 664 eius

188 702 354 768 rhetorica
376 705 418 777 (A
437 703 451 768 l
470 724 500 788 p.
520 703 647 784 13551,
675 704 725 790 10)
750 704 935 770 invenitur:
967 707 1006 770 od
1033 706 1069 769 τὸ
1091 714 1194 771 πεῖσαι
1217 709 1323 790 ἔργον

189 813 293 894 αὐτῆς,
317 811 393 874 ἀλλὰ
414 811 452 888 τὸ
476 813 552 876 ἰδεῖν
574 812 611 875 τὰ
627 814 809 896 ὑπάρχοντα
825 813 945 878 πιθανὰ
961 815 1033 897 περὶ
1049 816 1189 887 ἕκαστον,
1205 815 1310 878 καθά-

187 942 248 1000 περ
278 918 332 981 καὶ
362 919 395 982 ἐν
424 925 490 988 ταῖς
513 909 625 989 ἄλλοις
641 921 762 1002 τέχναις
784 922 898 990 πάσαις
922 921 1009 1000 (οὐδὲ
1032 921 1092 1002 γὰρ
1116 923 1254 1004 ἰατρικῆς
1276 921 1311 984 τὸ

187 1027 260 1106 ὑγιᾶ
286 1033 422 1108 ποιῆσαι,
453 1027 530 1088 ἀλλὰ
561 1029 654 1108 μέχρι
685 1025 724 1090 οὗ
755 1028 918 1109 ἐνδέχεται,
945 1029 1039 1110 μέχρι
1069 1029 1181 1091 τούτου
1208 1051 1310 1110 προα-

190 1139 301 1213 γαγεῖν.
326 1135 406 1196 ἔστιν
429 1133 490 1214 γὰρ
513 1133 662 1203 καὶτοὺς
686 1135 862 1204 ἀδυνάτους
884 1135 1070 1217 μεταλαβεῖν
1089 1137 1205 1216 ὑγιείας
1220 1136 1312 1216 ὅμως

188 1240 383 1322 θεραπεῦσαι
412 1241 566 1323 καλῶςγέ)
619 1239 708 1304 idem
740 1240 887 1306 sensisse
918 1241 1158 1323 Hermagoram
1188 1261 1231 1306 ex
1260 1239 1311 1304 his

190 1345 269 1410 loeis
301 1349 441 1431 apparet
472 1343 575 1430 (Sext.
600 1345 691 1431 Emp.
716 1345 790 1412 adv.
814 1347 916 1412 math.
949 1346 977 1410 II
1008 1347 1080 1431 62):
1110 1349 1312 1431 Ἑρμαγόρας

189 1454 304 1517 τελείου
336 1455 472 1536 ῥήτορος
504 1455 597 1536 ἔργον
629 1455 705 1518 εἶναι
729 1457 813 1537 ἔλεγε
835 1455 871 1517 τὸ
894 1456 984 1519 τεθὲν
1006 1456 1165 1518 πολιτικὸν
1189 1458 1312 1538 ζήτημα

190 1561 385 1626 διατίθεσθαι
422 1561 501 1623 κατὰ
539 1562 574 1623 τὸ
613 1563 821 1644 ἐνδεχόμενον
858 1568 1031 1632 πειστικῶς.
1088 1559 1135 1625 Of.
1171 1563 1312 1642 August.

189 1689 219 1751 p.
246 1667 318 1750 138,
347 1667 414 1744 152
437 1665 678 1749 »Hermagoras
702 1719 708 1732 .
733 1717 739 1732 .
765 1718 771 1732 .
795 1667 844 1732 ita
876 1669 1033 1752 seriptum
1057 1667 1190 1753 reliquit
1211 1668 1312 1732 finem

191 1794 265 1838 esse
290 1773 430 1839 oratoris
455 1773 558 1839 officii
580 1775 789 1859 persuadere,
825 1779 992 1859 quatenus
1025 1773 1171 1840 condicio
1203 1795 1313 1840 rerum

190 1900 472 1966 personeuumque
501 1882 654 1966 patitui«
705 1879 850 1967 Uterque
873 1882 975 1964 igitur
998 1881 1147 1946 officium
1170 1881 1313 1947 rhetoris
1396 1873 1398 1880 ’

190 2007 213 2051 a
241 1987 311 2052 fine
342 1989 413 2052 eius
445 1988 526 2054 artis
558 1991 713 2054 accurate
740 1987 901 2071 distinxit,
924 1989 958 2053 id
982 1989 1070 2074 quod
1094 1989 1158 2054 hae
1182 2009 1313 2074 quoque

192 2096 439 2180 comparatione
464 2096 623 2162 cernitur:
648 2095 724 2181 (Oie.
749 2094 789 2160 de
813 2096 879 2160 inv.
900 2096 960 2176 15,
986 2095 1021 2182 6)
1041 2095 1149 2160 »Inter
1165 2094 1314 2160 officium

191 2205 227 2266 et
248 2201 351 2266 finem
383 2203 446 2267 hoc
468 2203 618 2285 interest,
652 2202 741 2288 quod
763 2203 798 2268 in
823 2202 944 2285 officio,
970 2203 1047 2289 quid
1072 2202 1155 2285 fieri,
1179 2202 1215 2267 in
1237 2202 1313 2284 fine,

191 2308 271 2394 quid
302 2308 422 2375 eoniiei
452 2311 641 2392 conveniat,
671 2310 907 2386 consideratur.
955 2308 1001 2373 Ut
1022 2307 1141 2375 medici
1165 2308 1315 2374 offitium

192 2413 330 2481 dicimus
355 2437 428 2481 esse
453 2437 567 2482 curare
592 2415 634 2481 ud
659 2416 849 2482 sanandum
872 2417 1033 2502 apposite,
1066 2416 1170 2481 finem
1194 2436 1313 2481 sanare

193 2524 374 2603 curatione,
399 2523 488 2607 item,
514 2525 654 2589 oratoris
678 2523 757 2610 quid
782 2523 929 2588 officium
955 2525 990 2588 et
1013 2522 1092 2609 quid
1114 2522 1218 2588 finem
1241 2543 1313 2587 esse

193 2628 352 2712 dieamus,
377 2630 608 2714 intellegimus
635 2651 710 2696 eum
732 2630 775 2712 id,
800 2630 889 2716 quod
905 2631 1013 2696 faeere
1033 2629 1142 2711 debet,
1167 2629 1315 2695 officium

194 2757 267 2802 esse
292 2737 440 2820 dicimus,
464 2737 555 2820 illud,
581 2738 675 2803 euius
700 2758 803 2803 eausa
825 2737 936 2803 faeere
953 2735 1061 2819 debet,
1079 2737 1181 2802 finem
1198 2734 1314 2822 appel-

192 2845 328 2909 lamus«
379 2843 425 2912 cf.
449 2845 586 2910 Aristot.
610 2849 677 2931 top.
710 2845 833 2930 B3p.
861 2845 923 2909 110
936 2844 967 2926 b,
995 2845 1050 2910 17:
1082 2847 1233 2927 ἐπιστήμη
1258 2845 1315 2926 μία

191 2954 346 3017 πλειόνων
371 3004 377 3016 .
402 3003 409 3016 .
434 2955 480 3024 ὡς
502 2961 558 3017 τοῦ
576 2955 688 3023 τέλους
711 2955 763 3016 καὶ
778 2960 835 3016 τοῦ
850 2953 932 3034 πρὸς
947 2953 982 3015 τὸ
997 2954 1093 3025 τέλος,
1110 2953 1177 3016 οἷον
1193 2952 1313 3033 ἰατρικὴ

191 3067 247 3124 τοῦ
275 3063 391 3142 ὑγίειαν
414 3069 541 3144 ποιῆσαι
564 3062 695 3124 καὶτοῦ
720 3061 879 3142 διαιτῆσαι.
926 3057 1003 3122 dam
1026 3078 1104 3123 vero
1129 3057 1313 3139 materiam,

193 3168 227 3230 in
251 3187 319 3252 que
340 3167 482 3231 rhetoris
511 3166 659 3231 officium
682 3168 846 3246 versatur,
872 3162 1069 3230 Auisteteles
1092 3164 1128 3228 in
1151 3164 1316 3228 rhetorica
1407 3191 1410 3198 ¹

193 3273 385 3340 definienda
416 3274 488 3338 eius
517 3274 647 3338 ratione
677 3272 823 3356 formali,
860 3276 899 3337 ut
928 3273 978 3337 ita
1010 3271 1132 3352 dicam,
1163 3274 1316 3357 respectu

195 3379 379 3466 quamlibet
408 3400 478 3446 rem
503 3380 592 3446 feeit.
639 3380 790 3465 Namque
814 3379 997 3445 seeundum
1022 3399 1097 3443 eum
1122 3378 1217 3459 (rhet.
1240 3380 1271 3444 Α
1296 3379 1315 3442 2

194 3509 224 3572 p.
251 3488 380 3572 1355b,
405 3488 459 3574 25)
491 3492 570 3553 ἔστω
605 3490 643 3571 δὴ
677 3489 827 3571 ῥητορικὴ
858 3489 990 3570 δύναμις
1012 3488 1083 3569 περὶ
1107 3489 1237 3551 ἕκαστον
1260 3494 1315 3551 τοῦ

193 3597 358 3679 θεωρῆσαι
380 3597 415 3659 τὸ
440 3597 647 3679 ἐνδεχόμενον
670 3597 814 3658 πιθανόν.
838 3602 929 3658 τοῦτο
954 3595 1014 3676 γὰρ
1037 3595 1187 3676 οὐδεμιᾶς
1211 3596 1317 3676 ἑτέρας

284 3808 303 3878 ¹)
329 3808 523 3880 (111ορ.Αὸ
546 3824 572 3878 p.
594 3808 676 3870 1011),
691 3809 719 3862 5:
742 3805 855 3875 Ἕξομεν
880 3803 907 3858 δὲ
930 3802 1021 3860 τελέως
1038 3804 1087 3870 τὴν
1104 3801 1230 3870 μέθοδον,
1249 3802 1317 3856 ὅταν

193 3897 289 3966 ὁμοίως
307 3898 405 3966 ἔχοιμεν
417 3898 508 3968 ὥσπερ
521 3896 565 3949 ἐπὶ
578 3897 714 3968 ῥητορικῆς
726 3901 771 3948 καὶ
788 3892 905 3966 ἰατρικῆς
917 3898 961 3946 καὶ
973 3897 1026 3946 τῶν
1037 3892 1162 3946 τοιούτων
1175 3890 1316 3960 δυνάμεων.

194 3990 271 4040 ταίτο
296 3984 319 4039 δ
343 3986 397 4040 ἐστὶ
422 3987 453 4039 τὸ
477 3985 505 4038 ἐκ
522 3991 576 4038 τῶν
594 3983 766 4054 ἐνδεχομένων
783 3986 870 4038 ποιεῖν
888 3983 904 4035 ἃ
923 3981 1136 4054 προαιρούμεθα.
1156 3981 1214 4034 α’ύτε
1231 3981 1315 4051 γὰρὸ

194 4075 330 4147 ῥητορικὸς
354 4073 382 4128 ἐκ
404 4076 503 4132 παντὸς
526 4075 626 4147 τρόπον
653 4076 738 4127 πείσει
761 4075 807 4144 (ei.
833 4075 953 4143 August.
979 4090 1005 4143 p.
1022 4071 1136 4136 138,14;
1163 4088 1219 4124 non
1243 4072 1317 4124 enim

195 4182 305 4235 semper
329 4167 480 4235 persuadet
506 4166 618 4235 oratori,
644 4163 700 4216 ολδ
724 4163 739 4215 ὁ
758 4162 874 4233 ἰατρικὸς
891 4160 991 4231 {pedon
1010 4176 1016 4188 ·
1036 4157 1089 4212 ἀλλ
1113 4157 1160 4212 ἐὰν
1177 4162 1230 4211 τῶν
1248 4156 1317 4211 ἐνδε-

194 4255 311 4322 χομένων
328 4250 410 4323 μηδέν
427 4252 574 4327 παραλίπῃ,
595 4248 689 4308 ἱκανῶς
708 4251 787 4304 αίτὸν
805 4251 937 4318 ἔχειντὴν
956 4248 1102 4317 ἐπιστήμην
1121 4247 1245 4316 φίγσομεν.

1120 4338 1157 4392 3ὕ
