3198 5054
590 419 836 484 -131-

1174 619 1273 626 —au——a

369 629 375 740 Ι
411 670 479 702 κατα
472 633 666 740 φασιαε)
648 649 781 718 ἀπόφασις
824 633 826 740 l
894 651 996 716 συνέχον
1052 631 1055 738 Ι
1124 649 1217 701 αι”τιον

426 780 513 844 neapo
499 773 546 840 oli

379 849 455 897 τοῖπ
434 845 545 916 ww
546 867 589 902 ος
673 810 753 882 ρητόν
884 810 944 880 ὅραι
963 811 998 880 12)
1063 831 1092 862 συ
1079 807 1275 880 υιλλογσμόςῌ)

176 807 329 880 στλλογισμό
315 831 343 866 ος

836 972 935 1039 τὸνιιερ
926 974 1043 1058 ιέχονι
979 975 1043 1023 νιιαὶ

609 1007 685 1076 ἑέαρ
703 1027 756 1078 προ
758 1005 822 1077 βολη
853 1063 915 1115 περ
917 1063 979 1110 ιχο
960 1061 1038 1094 ιιενον
1105 1006 1240 1062 ‘mmmm

242 1149 360 1237 Itaque
392 1149 494 1216 alium
525 1150 655 1217 fontem
678 1150 777 1216 huius
801 1151 985 1237 partissta
948 1152 1083 1216 tatuum
1107 1118 1275 1216 doctrinae

156 1277 365 1344 quaeramus
379 1257 442 1322 etsi
456 1279 498 1322 ne
511 1257 565 1323 hic
578 1257 709 1344 quidem
721 1257 915 1344 fragmenta
922 1257 1147 1340 Hermagorea
1159 1255 1276 1322 deesse

156 1384 254 1448 supra
279 1364 506 1446 cognovimuS,
530 1385 668 1430 necesse
693 1367 753 1430 est.
791 1366 862 1430 Iam
886 1385 960 1429 cum
978 1365 1059 1430 artis
1075 1363 1277 1430 vocabulum

155 1471 824 1556 modomemoratum(na‹p‹ilurov)scholae
834 1471 1101 1537 Theodoreorum'
1109 1471 1277 1557 proprium

155 1598 227 1643 esse
241 1577 466 1657 Quintilianus
483 1578 706 1664 compluribus
721 1578 802 1643 locis
814 1578 967 1664 tradat‚¹)
982 1598 1094 1643 eorum
1106 1579 1275 1644 rhetorum

154 1685 297 1767 vestigia
320 1685 374 1750 hic
397 1689 529 1750 exstare
561 1707 691 1752 sumere
719 1688 983 1752 consentaneum
1008 1688 1069 1750 est.
1112 1683 1174 1764 Qui
1198 1683 1277 1769 quid

156 1789 336 1874 docuerint,
369 1792 474 1858 multo
506 1794 617 1859 minus
641 1814 751 1878 quam,
785 1793 863 1879 quid
887 1791 1119 1874 Hermagorae,
1145 1792 1276 1859 scimus,

155 1897 220 1964 Sed
250 1899 405 1984 quamvis
435 1920 544 1984 pauca
568 1900 608 1965 de
633 1899 783 1966 doctriua
806 1899 1073 1965 Theodoreorum
1097 1918 1277 1984 eorumque

156 2003 439 2089 adversariorum,
486 2005 797 2092 Apollodoreorum,
846 2005 1104 2091 comperiamus,
1151 2009 1276 2088 tamen,

155 2112 339 2178 cuiusmodi
361 2115 588 2179 controversia
603 2115 690 2179 inter
706 2116 883 2199 utramque
899 2116 1027 2179 sectam
1042 2113 1276 2194 intercesserit,

155 2219 314 2305 imprimis
347 2240 389 2285 ex
412 2220 548 2286 Cornuti
580 2222 660 2286 artis
692 2220 875 2287 rhetoricae
907 2222 1050 2307 epitome
1079 2220 1277 2286 adumbrare

156 2325 241 2409 licet,
277 2325 311 2390 id
346 2327 433 2412 quod
466 2327 596 2393 Schanr
628 2329 909 2394 commentatione
940 2327 1084 2394 Hermae
1115 2327 1278 2393 volumini

155 2431 248 2497 XXV
285 2434 414 2499 inserta
451 2437 492 2519 (p.
532 2435 574 2499 36
614 2456 683 2521 sqq.
743 2435 804 2500 Die
843 2434 1079 2519 Apollodoreer
1117 2434 1186 2499 und
1226 2434 1277 2499 die

156 2539 381 2628 Theodoreer.)
420 2539 606 2606 luculenter
642 2540 818 2627 expedivit.
877 2540 1067 2607 Secundum
1102 2562 1203 2626 quam
1239 2562 1277 2606 eo

157 2645 342 2713 Theodorei
379 2647 422 2713 ab
461 2647 689 2734 Apollodoreis
729 2648 947 2726 dissentiunt,
987 2647 1089 2735 quod,
1129 2669 1205 2713 cum
1243 2648 1279 2713 hi

157 2756 336 2839 praecepta
358 2755 482 2840 ubique
505 2756 654 2821 tenenda
678 2756 768 2837 dent,
793 2755 839 2820 illi
862 2756 995 2842 propria
1018 2759 1141 2822 natura
1164 2757 1278 2837 singu-

157 2859 264 2926 larum
301 2881 478 2927 causarum
510 2867 662 2948 respecta
695 2862 736 2929 ad
768 2863 952 2928 utilitatem
982 2865 1161 2949 praecepta
1193 2862 1278 2928 deri-

158 2969 279 3053 guutfl)
316 2966 465 3034 Eandem
490 2970 694 3034 sententiam
718 2970 943 3052 Hermogenes
967 2991 1067 3055 saepe
1099 2971 1279 3055 proposuit.

156 3072 241 3139 Vide
274 3074 373 3159 Spll
408 3074 557 3160 134,16;
593 3076 665 3159 146,
683 3077 743 3159 203
778 3077 849 3151 157,
874 3076 933 3160 303
968 3074 1116 3158 169,16;
1152 3075 1278 3158 163,3;

160 3180 232 3260 163,
257 3180 316 3262 60;
362 3181 434 3266 164,
469 3183 528 3264 20;
577 3183 650 3265 173,
675 3184 726 3248 21.
782 3182 828 3248 Of.
860 3182 953 3248 Corn.
989 3184 1049 3248 art.
1085 3182 1167 3247 rhet.
1201 3183 1278 3269 epit.

158 3308 187 3371 p.
214 3287 264 3370 16,
286 3289 324 3352 13
350 3287 419 3354 Gr:
443 3293 462 3373 ἡ
486 3293 546 3373 μὲν
563 3341 568 3353 .
587 3294 700 3374 ,τέχνη
717 3293 795 3355 καθ’
814 3294 945 3356 ἕκαστον
961 3291 1083 3361 τελείως
1099 3292 1279 3374 ἐκπληροῦν

153 3395 209 3459 τὸν
239 3397 338 3460 τόπον
369 3399 546 3480 ἀναγκάζει,
579 3400 596 3462 ὁ
621 3399 655 3462 δὲ
677 3400 813 3482 τεχνίτης
839 3399 921 3481 πρὸς
943 3399 978 3461 τὸ
1003 3400 1169 3481 συμφέρον
1192 3399 1279 3480 αὐτῷ

156 3505 301 3585 χρήσεται
335 3524 410 3569 cum
442 3503 493 3569 his
525 3503 635 3569 verbis
664 3503 881 3587 Hermogenis
914 3506 954 3590 (p.
990 3505 1066 3587 165,
1090 3505 1129 3571 19
1154 3504 1279 3589 6η.)εῆ

157 3659 165 3671 ,
183 3659 188 3671 .
206 3611 353 3692 διαίρεσις
369 3614 492 3675 ἀπαιτεῖ
504 3611 562 3694 (sc.
580 3611 692 3676 omnia
712 3611 832 3697 capita,
860 3612 996 3696 quaein
1013 3611 1152 3692 singulis
1168 3611 1278 3675 causis

159 3734 325 3782 occurrere
349 3723 501 3803 possunt,
523 3718 737 3804 enumerare),
754 3719 943 3801 cleopatride
959 3719 994 3782 δὲ
1010 3719 1112 3791 οὐδέν,
1128 3721 1157 3783 εἰ
1169 3725 1278 3798 παρεῖ-

157 3846 205 3886 ται
230 3874 236 3886 .
262 3873 267 3885 .
293 3874 299 3886 .
322 3825 378 3907 την
407 3826 467 3907 μὲν
497 3827 557 3908 γὰρ
587 3827 664 3889 ὁδὸν
687 3828 706 3907 ἡ
730 3828 821 3908 τέχνη
847 3826 983 3890 δείκνυσι
1010 3833 1065 3907 τῆς
1088 3825 1278 3906 διαιρέσεως,

158 3937 196 4012 τῇ
226 3931 261 3994 δὲ
289 3934 381 4014 φύσει
411 3940 466 3997 τοῦ
497 3935 683 4015 πράγματος
710 3933 766 4015 τὴν
788 3933 899 4016 τέχνην
921 3935 1118 4015 προσακτέον
1141 3932 1220 3994 κατὰ
1244 3932 1279 3995 τὸ

156 4038 332 4120 ἐγχωροῦν.
378 4038 427 4103 De
456 4039 622 4120 gravitate
649 4046 705 4103 τοῦ
729 4047 843 4122 καιροῦ
867 4037 1092 4123 Hermogenes
1116 4038 1151 4102 in
1174 4036 1279 4103 altero

136 4249 139 4256 ,
247 4179 267 4248 ¹)
288 4179 404 4247 1116‚2;
426 4180 502 4246 11,3,
512 4179 555 4236 26.

249 4269 268 4340 ²)
289 4269 402 4324 Schanz
421 4269 439 4325 l.
459 4271 504 4324 all.
525 4287 551 4340 p.
564 4271 596 4324 51
609 4288 649 4342 sq.
1087 4339 1119 4389 q*
