3224 5044
802 451 1002 516 ..2-

339 624 414 706 Qua
437 627 471 691 in
494 647 529 691 rc
553 625 763 692 instituenda
786 627 830 692 ab
853 626 1014 694 historiae
1038 628 1222 696 rhetoricae
1245 630 1463 716 expositione,

339 753 441 818 quam
458 731 700 813 Quintilianum
724 733 812 824 (inst.
837 754 881 800 or.
905 734 996 815 1111,
1022 735 1141 817 8-21)
1168 736 1323 802 exhibere
1345 739 1464 802 notum

340 843 401 924 est,
434 840 682 926 proficiscimur.
729 825 869 916 Ex'hao
892 839 1147 908 adumbratione
1170 842 1255 909 haec
1276 846 1462 929 temporum

339 946 451 1032 spatia
475 947 694 1012 discernenda
717 951 805 1014 sunt.
826 937 833 942 ’
857 941 859 948 '

427 1053 465 1139 (Ι)
496 1053 643 1118 Primum
675 1054 868 1141 eloquentia
899 1075 921 1120 a
951 1054 1080 1137 Siculis,
1112 1058 1229 1142 utpote
1260 1057 1317 1142 qui
1350 1059 1463 1122 essent

338 1160 438 1244 acuti,
472 1159 516 1225 ad
544 1163 651 1226 artem
676 1164 711 1226 et
733 1165 913 1247 praecepta
935 1165 1095 1228 revocata
1118 1167 1170 1228 est
1193 1161 1293 1250 idque
1317 1166 1399 1247 tum,
1424 1167 1461 1230 ut

338 1265 450 1332 Cicero
467 1266 569 1333 refert
583 1269 618 1333 in
635 1267 738 1334 Bruto
755 1267 787 1356 (ᾗ
799 1268 856 1353 46)
872 1266 1057 1333 secuudum
1069 1268 1258 1336 Aristotelis
1274 1273 1462 1354 συναγωγὴν

337 1381 466 1458 τεχνῶν,
492 1395 566 1439 cum
591 1373 733 1439 sublatis
756 1374 792 1438 in
816 1373 927 1440 Sicilia
950 1375 1104 1460 tyrannis
1127 1395 1180 1440 res
1196 1377 1349 1461 privatae
1364 1376 1462 1459 longo

338 1480 516 1546 intervallo
539 1479 669 1546 iudiciis
692 1480 938 1566 repetebantur.
982 1481 1162 1546 Rhetorica
1186 1481 1287 1565 igitur
1311 1503 1328 1548 e
1353 1484 1463 1548 causis

339 1585 486 1653 dicendis
510 1591 593 1654 nata
616 1590 677 1652 est.

428 1694 477 1777 (Π)
501 1693 630 1760 Deinde
653 1693 825 1778 sophistae
849 1695 884 1759 et
907 1697 1056 1760 oratores
1072 1694 1214 1762 Athenis
1239 1695 1399 1782 exemplis
1423 1717 1462 1761 ac

336 1802 523 1887 praeceptis
548 1800 774 1887 eloquentiam
798 1800 1023 1867 excoluerunt.

427 1907 494 1997 (ΠΙ)
519 1908 602 1974 Tum
627 1909 671 1974 ad
694 1908 893 1974 rhetoricam
911 1910 1099 1992 cognitione
1116 1909 1331 1995 doctrinaque
1348 1909 1462 1995 expla-
1589 1966 1590 1976 ,

337 2014 486 2081 nondam
528 2014 717 2100 philosophi
755 2015 845 2080 haud
883 2016 1023 2100 paulum
1062 2015 1288 2099 contulerunt,
1336 2016 1462 2102 primus
1589 1999 1590 2022 ³

337 2121 545 2187 Aristoteles.
596 2121 867 2208 »Theophrastus
899 2143 1030 2208 quoque
1061 2121 1251 2188 Aristotelis
1282 2122 1462 2208 discipulus

335 2228 378 2295 -dc
410 2229 572 2294 rhetorice
605 2227 778 2311 diligenter
806 2230 944 2315 scripsit,
976 2233 1078 2316 atque
1100 2229 1179 2295 hinc
1200 2231 1256 2295 vel
1279 2229 1461 2295 studiosius

335 2335 524 2423 philosophi
568 2357 670 2423 quam
712 2335 863 2402 rhetores
905 2338 1149 2422 praecipueque
1194 2336 1381 2402 Stoicorum
1423 2357 1462 2402 ac

337 2443 633 2529 Peripateticorum
656 2442 859 2529 principes«.

427 2549 498 2636 (IV)
525 2549 637 2615 »Fecit
667 2547 786 2615 deinde
811 2547 903 2615 velut
925 2550 1091 2635 propriam
1114 2548 1337 2632 Hermagoras
1360 2549 1459 2633 viam,

338 2678 441 2743 quam
464 2656 597 2743 plurimi
620 2659 701 2721 sunt
724 2657 859 2722 secuti«

427 2763 481 2850 (V)
505 2763 630 2829 Postea
664 2764 858 2848 »praecipue
881 2799 926 2810 -
948 2761 982 2826 in
1015 2783 1052 2827 se
1085 2766 1323 2829 converterunt
1348 2762 1461 2828 studia

336 2869 558 2954 Apollodorus
570 2870 806 2954 Pergamenus,
824 2869 879 2955 qui
896 2872 1090 2956 praeceptor
1103 2870 1297 2955 Apolloniae
1309 2870 1460 2936 Caesaris

337 2977 483 3060 Augusti
514 2975 589 3062 fuit,
623 2978 657 3042 et
680 2975 873 3042 Theodorus
898 2974 1079 3056 Gadarene,
1104 2976 1162 3061 qui
1194 2997 1229 3040 se
1254 2975 1318 3042 dici
1341 2977 1461 3042 maluit

337 3083 514 3168 Rhodium,
546 3105 647 3170 quern
678 3083 828 3150 studiose
859 3082 1002 3166 audisse,
1037 3103 1112 3148 cum
1143 3083 1177 3147 iu
1209 3102 1283 3147 eam
1315 3083 1461 3149 insulam

338 3193 542 3275 secessisset,
568 3191 688 3257 dicitur
710 3191 861 3257 Tiberius
885 3189 1015 3256 Caesar.
1051 3189 1094 3255 Hi
1117 3188 1267 3256 diversas
1288 3191 1460 3276 opiniones

337 3298 556 3380 tradiderunt,
582 3297 807 3384 appellatique
830 3296 907 3364 inde
924 3296 1133 3383 Apollodorei
1156 3319 1196 3364 ac
1212 3297 1395 3364 Theodorei
1417 3295 1462 3362 ad

337 3426 464 3471 morem
488 3407 596 3471 certas
619 3407 655 3471 in
678 3405 887 3490 philosophia
910 3393 1020 3471 sectas
1044 3403 1232 3490 sequendi«

427 3512 520 3592 Quae
551 3515 702 3597 tempora
732 3515 912 3598 postquam
943 3512 1207 3595 terminavimus,
1232 3511 1459 3577 Romanorum

338 3619 504 3685 rhetorica
525 3621 717 3705 praeterita,
742 3640 829 3705 quae
853 3622 892 3685 ut
917 3617 1118 3685 Graecorum
1141 3617 1304 3684 imitatrix
1314 3620 1336 3700 1)
1360 3639 1460 3704 sepa-

338 3726 437 3793 ratim
467 3746 536 3791 non
567 3728 611 3792 sit
641 3726 857 3812 respicienda,
890 3728 1010 3808 restat,
1046 3730 1085 3791 ut
1116 3724 1312 3806 Quintihani
1342 3724 1460 3791 adum·

337 3834 526 3900 brationem
549 3833 773 3920 suppleamus,
798 3853 873 3898 cum
896 3833 1011 3918 paucis
1035 3831 1076 3898 de
1091 3833 1288 3915 rhetoribus
1311 3833 1369 3918 qui
1383 3833 1461 3918 post

429 4014 447 4082 ¹)
468 4012 518 4078 Oi,
538 4028 609 4083 quae
629 4011 700 4066 dixit
724 4011 767 4065 Pr.
787 4010 867 4065 Marx
890 4011 918 4064 in
936 4009 1141 4081 prolegomenis
1161 4010 1225 4064 edit.
1246 4013 1321 4064 auct.
1341 4009 1377 4062 ad
1396 4008 1459 4062 Her.

337 4103 471 4158 librorum
494 4121 519 4174 p.
538 4103 587 4156 81:
615 4101 759 4155 »rhetores
786 4099 881 4153 Latini
908 4115 957 4170 per
985 4099 1078 4154 omnia
1105 4100 1218 4153 saecula
1247 4099 1293 4170 qui
1319 4097 1461 4154 florebant

338 4191 406 4246 nibil
421 4192 473 4246 nisi
486 4193 656 4246 Graecorum
668 4192 821 4260 praecepta
833 4188 1025 4243 decantabant
1037 4188 1138 4242 Latine
1150 4204 1203 4242 nec
1215 4186 1310 4258 potuit
1318 4185 1461 4241 rhetorica

338 4275 1458 4351 umquamneophilosophiaGraeoumillumsoperegrinumabicereoolorem.‹
