3224 5044
643 411 865 478 „55-

191 587 437 673 intellegendus
458 593 519 673 est,
537 592 715 676 quatenus,
733 588 814 654 dum
829 587 873 654 ad
888 587 1096 675 propositum
1111 591 1315 674 spectemus,

193 697 392 762 etiamnunc
416 696 451 761 in
481 696 608 762 incerto
640 699 703 780 est,
737 695 968 762 assecuturine
1001 693 1035 760 id
1066 693 1170 761 simus
1198 715 1314 778 necne,

192 806 279 876 τέλος
294 807 409 869 autem
424 802 514 886 finis,
528 805 696 888 quatenus
708 802 783 888 ipsa
796 802 867 868 eius
880 800 1014 887 adeptio
1027 799 1100 868 sola
1112 800 1286 884 cogitetur,
1291 801 1316 890 ¹)

192 912 242 976 ita
275 909 516 994 Hermagorae,
557 931 632 976 cum
669 913 802 996 praeter
834 909 939 974 finem
973 913 1013 974 ut
1045 910 1132 980 τέλος
1167 907 1317 974 officium

193 1017 377 1100 constituit,
410 1016 491 1082 illud
514 1038 645 1103 quoque
669 1017 825 1102 respexit,
850 1015 938 1102 quod
961 1036 1043 1082 voce
1066 1023 1190 1081 σκοποῦ
1214 1015 1316 1098 signi·

193 1123 324 1207 ficetur,
349 1123 507 1210 quoniam
531 1123 642 1190 officio
667 1121 858 1190 definiendo
883 1143 951 1188 non
972 1122 1133 1209 postulet,
1150 1126 1189 1188 ut
1206 1126 1317 1189 orator

195 1252 324 1317 semper
353 1232 564 1317 persuadeat,
596 1231 655 1296 sed
678 1229 741 1297 hcc
764 1228 1009 1312 tantummodo,
1033 1231 1073 1294 ut
1096 1230 1248 1316 apposite
1273 1228 1315 1296 ad

194 1338 445 1425 persuasionem
475 1341 618 1420 (σκοπῶν
640 1338 696 1422 τὴν
718 1340 835 1420 πειθώ)
860 1335 983 1419 dicatu
1030 1336 1080 1401 Ac
1102 1335 1162 1401 teli
1186 1337 1316 1402 ratione

193 1481 292 1549 γίνεται
316 1477 360 1531 ἰπὶ
385 1474 549 1547 οἰκοδομικῆς
570 1498 600 1532 τε
622 1483 667 1532 καὶ
690 1478 831 1547 ὑφαντικῆς
852 1482 898 1530 καὶ
921 1481 975 1530 τῶν
993 1475 1079 1530 ἄλλων
1102 1480 1156 1530 τῶν
1172 1480 1318 1543 ποιητικῶν

192 1571 295 1634 τεχνῶν,
314 1561 412 1637 ἐφ’ὧν
429 1567 497 1620 κατά
515 1587 589 1624 τινας
607 1567 753 1638 ὡρισμένας
770 1587 799 1619 τε
817 1571 862 1619 καί
879 1569 1039 1636 τεταγμένας
1050 1561 1125 1622 ὁδοὺς
1136 1565 1152 1616 ί
1165 1565 1219 1618 κατ’
1238 1565 1318 1622 slede

193 1657 308 1728 ἐνέργεια
325 1658 425 1727 γίνεται
441 1661 516 1720 πᾶσι,
529 1661 575 1709 καί
587 1656 632 1724 οἷνχ
644 1652 729 1710 οἷόντε
740 1661 785 1708 καὶ
798 1655 852 1708 άπὸ
864 1656 940 1722 τύχης
952 1655 1038 1708 alces
1049 1655 1080 1708 τὸ
1094 1655 1170 1725 ἔργον
1181 1656 1315 1724 γενέσθαι·

194 1745 222 1799 ἐν
239 1747 290 1818 γὰρ
308 1745 416 1802 ταάταις
433 1744 506 1802 τέλος
524 1746 555 1798 τὸ
573 1747 745 1816 προκείμενον
764 1745 840 1816 ἔργον
857 1749 894 1811 τῷ
913 1744 1028 1798 ἕπεσθαι
1040 1744 1071 1797 τὸ
1085 1744 1161 1817 ἔργον
1172 1745 1227 1800 τοῖς
1238 1742 1317 1815 χάριν

193 1835 271 1888 αυτοῦ
293 1837 444 1905 γινομένοις·
470 1831 510 1887 διὸ
535 1838 581 1888 τοῦ
599 1831 685 1890 καλῶς
701 1838 747 1886 καὶ
764 1837 884 1900 τεχνικῶς
901 1829 1033 1904 γεγονέναι
1050 1833 1085 1885 τά
1103 1833 1157 1904 πρὸ
1176 1831 1254 1885 αὺτοῦ
1272 1853 1317 1899 οη-

192 1926 267 1993 μεῖον
278 1924 315 1976 ,τὸ
334 1924 410 1995 ἔργον
427 1925 534 1993 γίνεται.
553 1921 582 1976 ἐν
600 1920 629 1976 δὲ
646 1925 705 1979 ταῖς
723 1924 904 1990 στοχαστικαῖς
915 1925 969 1975 τῶν
986 1926 1083 1989 τεχνῶν
1101 1921 1129 1975 οἰ
1147 1920 1253 1979 πάντως
1271 1919 1316 1974 ἐπὶ

192 2016 337 2084 γινομένοις
355 2013 410 2069 τοῖς
427 2013 496 2065 κατὰ
515 2015 607 2079 τέχνην
624 2012 732 2065 σίπαντᾶ
750 2012 784 2064 τά
804 2005 841 2064 ὧν
858 2011 935 2082 χάριν
953 2009 1038 2064 ἐκεῖνα
1056 2013 1164 2081 γίνεται.
1183 2012 1270 2064 αἰτιον
1288 2007 1316 2064 άί

191 2103 223 2156 τὸ
242 2101 270 2156 ἐν
287 2101 395 2159 ταάταις
411 2107 456 2154 καὶ
479 2101 534 2155 ἀπὸ
553 2101 628 2168 τίχης
645 2102 704 2154 τινὰ
723 2103 846 2171 γίνεσθαι
863 2105 909 2154 καί
926 2101 964 2170 μὴ
983 2100 1115 2173 ὡρισμένα
1134 2097 1201 2154 εἶναι
1220 2097 1255 2154 δι’
1280 2093 1317 2154 ὧν

191 2192 227 2245 τά
246 2191 286 2244 ὕπ’
310 2190 396 2245 alem
413 2190 537 2262 γινόμενα
554 2193 663 2261 γίνεται.
701 2192 777 2247 Sext.
797 2192 876 2262 Emp.
896 2193 959 2246 adv.
978 2193 1068 2246 math.
1087 2191 1155 2246 172.

288 2282 307 2352 1)
326 2281 460 2352 Simplicii
479 2297 579 2336 comm.
598 2281 626 2334 in
645 2281 736 2352 Epict.
756 2297 830 2335 men.
850 2297 910 2351 cap.
923 2279 1023 2334 XXVII
1042 2297 1069 2350 p.
1082 2280 1125 2344 81,
1139 2279 1174 2334 52
1192 2281 1316 2335 Duebn.:

192 2374 255 2424 Πᾶν
268 2410 274 2425 .
289 2409 295 2424 .
308 2369 339 2422 τὸ
351 2369 486 2440 γινίμυνον
499 2369 620 2426 σκοπάς
637 2372 683 2421 τοῦ
700 2368 837 2426 ποιοῦντός
849 2367 927 2433 ἐστιν,
946 2363 982 2425 είς
999 2367 1030 2421 ὃν
1042 2365 1209 2438 ἀποβλέπων,
1228 2366 1316 2441 ιίσπερ

192 2458 262 2530 βέλη,
281 2459 329 2515 τὰς
347 2457 437 2512 ἑαυτοῦ
456 2457 583 2530 ἐνεργείας
601 2458 708 2512 ἐκτείνει
726 2456 763 2510 ἐπ’
786 2457 878 2512 αἰντάν·
897 2462 942 2511 καί
959 2454 1054 2514 τέλος
1072 2458 1122 2524 ἔχει
1140 2457 1171 2510 τὸ
1190 2455 1317 2524 ἐπιτυχεῖν

191 2552 237 2602 τοῦ
257 2551 362 2603 σκοποῦ.
399 2547 441 2604 Of.
461 2548 516 2604 Cic.
536 2549 638 2603 defin.
658 2548 780 2614 111e,22
798 2565 862 2603 cum
880 2547 1014 2616 Madvigii
1032 2548 1143 2602 adnot:
1166 2547 1219 2601 »Ut
1238 2587 1245 2601 .
1266 2587 1271 2600 .
1292 2547 1316 2602 si

192 2639 237 2694 cui
260 2639 436 2709 propositum
460 2639 497 2694 sit
522 2638 672 2693 collinense
696 2639 810 2693 hastam
833 2637 928 2708 aliquo
951 2640 1002 2691 aut
1026 2636 1171 2705 sagittam,
1197 2635 1238 2690 sic
1263 2651 1315 2689 nos

190 2729 322 2783 ultimum
340 2729 369 2782 in
388 2728 470 2783 bonis
490 2728 615 2783 dicimus,
633 2728 713 2794 Huic,
732 2728 761 2781 in
779 2727 917 2782 eiusmodi
936 2725 1124 2790 similitudine,
1144 2725 1240 2779 omnie.
1258 2724 1316 2779 sint

190 2817 333 2882 iacienda,
359 2820 392 2872 ut
415 2817 555 2881 colliueet,
580 2820 610 2871 et
634 2821 739 2881 temen,
765 2818 798 2870 ut
823 2816 919 2870 omnic
943 2814 1039 2880 iaciat,
1067 2831 1122 2885 quo
1140 2813 1316 2885 propositum

192 2909 370 2978 assequetur,
388 2906 499 2962 sithoc
519 2907 600 2978 quasi
619 2907 755 2971 ultimum,
777 2906 861 2976 quale
879 2922 932 2960 nos
945 2921 1086 2960 summum
1098 2905 1127 2959 in
1139 2905 1315 2958 vitcbcnum

192 2996 319 3060 dicimus,
337 2995 406 3052 illud
425 2998 529 3062 eutem,
549 3000 582 3050 ut
599 2996 693 3060 ierint,
714 2995 795 3066 quasi
816 2993 999 3064 seligendum,
1018 3010 1076 3048 non
1100 2993 1313 3063 expetendum«

193 3086 333 3152 Quoniam
351 3085 379 3139 in
405 3085 587 3140 distinctione
605 3083 774 3140 collineendi
792 3086 823 3137 et
840 3082 958 3137 feriendi
976 3083 1051 3138 idem
1076 3082 1143 3136 finis
1160 3084 1314 3153 spectatur,

193 3177 293 3230 contre
321 3174 455 3244 Medvigii
483 3174 684 3228 auctoritatem
716 3189 780 3227 cum
811 3171 912 3226 Orellio
940 3171 1024 3226 fecie.
1070 3171 1141 3224 Vide
1169 3173 1316 3240 praeterea

192 3264 291 3320 Geleni
317 3281 361 3334 op.
388 3281 406 3318 α
430 3263 560 3318 Kuehnic
586 3263 630 3318 ed.
653 3266 723 3318 tem.
741 3263 805 3317 XIV
829 3279 855 3333 p.
874 3261 941 3316 688:
966 3262 1044 3330 μέχρι
1068 3258 1115 3327 (sc.
1134 3257 1251 3328 ἡτέχνη)
1277 3257 1312 3325 μί

190 3352 308 3422 τυγχάνει
326 3352 404 3406 αἰποῦ
423 3353 470 3422 (so.
490 3345 519 3403 οὗ
537 3349 657 3421 ἐφίεται),
676 3348 735 3404 otdl
752 3351 784 3403 τὸ
801 3348 875 3406 τέλος
887 3349 965 3415 αἰπῆς
976 3346 1086 3418 λέγεται,
1100 3345 1168 3400 ἀλλὰ
1181 3345 1284 3400 σκοπά
1294 3366 1314 3410 ε,

191 3441 258 3494 ὅταν
276 3439 304 3494 δέ
321 3440 392 3514 τύχῃ,
410 3438 511 3498 τέλος.
550 3442 630 3498 Stob.
650 3441 730 3497 anth.
749 3458 776 3495 v.
795 3441 821 3495 II
840 3457 867 3511 p.
879 3440 966 3506 47,7;
986 3439 1028 3504 77,
1048 3438 1115 3505 1,25
1134 3438 1192 3505 W.;
1211 3437 1313 3501 Hirzel,

192 3531 360 3587 Untersuch.
381 3549 405 3586 z.
425 3531 479 3586 Cic.
498 3531 566 3601 phil.
585 3531 728 3586 Schriften
747 3530 845 3585 11556.

246 3622 265 3691 ⁹)
285 3620 326 3676 Cf.
346 3621 399 3675 has
418 3620 599 3674 definitiones
613 3621 727 3674 Herma·
782 3636 845 3674 cum
865 3619 928 3674 istis
947 3617 1179 3687 explicationibus
1192 3617 1220 3669 in
1233 3616 1313 3670 Corn.

191 3727 290 3780 gome:
304 3709 414 3780 ῥήτορος
427 3710 526 3780 ἔργον
538 3707 631 3761 ἔστιτὸ
646 3708 727 3761 τεθὲν
782 3709 851 3763 artis
876 3708 949 3763 rhet.
975 3707 1040 3776 epit.
1065 3704 1177 3760 traditis
1202 3705 1239 3774 (p.
1259 3705 1315 3767 3,3

191 3797 329 3852 πολιτικὸν
362 3798 466 3867 ζῆτημα
496 3794 728 3850 διατίθεσθαι
781 3797 905 3865 Graevl:
926 3793 1047 3850 σκοπὸς
1064 3790 1092 3846 δέ
1110 3795 1155 3845 τοῦ
1173 3793 1314 3863 προοιμίου

193 3887 312 3940 κατὰτὸ
332 3885 498 3957 ἐνδεχόμενον
516 3890 660 3944 πειστικυῖς·
780 3885 811 3938 τὸ
844 3881 948 3938 τοιάνδε
977 3880 1238 3954 παρασκευάσαι
1268 3881 1315 3933 τὸν

192 3977 330 4049 ῥητορικῆς
347 3974 443 4033 τέλος
461 3975 515 4030 ἐστὶ
534 3974 601 4046 λόγῳ
612 3977 726 4028 πείθειν.
781 3972 923 4046 ἀκροατὴν,
944 3973 990 4043 (sc.
1010 3970 1075 4024 ὥστε
1087 3969 1258 4042 προτακτικὸν
1269 3973 1315 4022 καί

434 4089 437 4094 ·
782 4063 888 4133 εὐμαθῆ
906 4066 951 4115 καὶ
970 4061 1057 4115 εὔνουν
1075 4057 1158 4130 εἶναι),

781 4150 875 4209 τέλος
888 4149 916 4204 δὲ
927 4151 958 4204 τὸ
970 4150 1103 4222 προσοχὴν
1114 4153 1160 4202 καὶ
1169 4146 1315 4217 εἷνμάθειαν

782 4245 827 4295 καὶ
846 4240 948 4294 ε’ίνοιαν
966 4237 1180 4312 ἀπεργάσασθαι.
