3224 5044
632 439 854 504 „53-

273 615 339 681 Sed
362 619 551 682 memoratu
574 617 711 699 dignum
741 621 793 683 est
816 617 928 683 verbis
952 616 1085 703 quidem
1107 617 1197 683 illius
1221 616 1305 684 defi-

181 722 329 804 nitionis²
347 743 447 808 quarn
465 722 554 809 apud
566 722 810 806 Hermogenem
832 724 989 809 scriptam
1005 724 1169 806 videmus,
1186 725 1304 790 melius

181 851 283 916 quam
303 830 372 895 vim
395 828 493 895 modo
518 830 733 916 explanatam
758 851 937 914 congruere
961 831 1048 896 hanc
1064 831 1302 914 generaliorem

182 937 458 1022 significationem
481 937 574 1004 verbi
598 940 844 1021 συλλογίζεσθαι,
869 959 955 1024 quae
979 938 1069 1025 apud
1092 938 1269 1006 Platonem
1279 942 1302 1020 1)

182 1047 217 1110 et
238 1045 274 1109 in
298 1044 488 1110 Aristotelis
511 1045 594 1110 rhet.
611 1047 641 1109 A
665 1045 686 1109 2
709 1067 739 1130 p.
759 1045 843 1111 1357
852 1046 918 1125 a‚8
941 1046 1118 1130 reperitur:
1141 1046 1177 1111 in
1200 1065 1304 1110 unum

183 1150 344 1236 colligere,
381 1153 500 1237 cuique
535 1152 707 1218 sententia
741 1152 834 1218 verbi
870 1155 1030 1236 συνάγειν,
1067 1151 1156 1238 quod
1191 1156 1225 1218 et
1260 1152 1303 1218 ab

180 1257 390 1340 Hermogene
415 1257 557 1324 traditur
580 1262 615 1324 et
638 1259 880 1345 aphilosophis
896 1261 1119 1346 usurpaturff)
1137 1259 1304 1326 convenit.

179 1365 219 1429 ln
257 1365 431 1450 speciebus
471 1369 595 1448 autem,
634 1367 669 1430 in
709 1387 792 1452 quas
831 1365 1054 1449 Hermagoras
1093 1365 1304 1452 syllogismos

185 1471 308 1552 divisit,
334 1471 484 1537 simodo
508 1471 562 1538 hio
584 1472 837 1557 Hermogenem,
867 1493 1011 1558 quocum
1035 1473 1270 1554 Quintilianus
1282 1474 1304 1555 8)

182 1578 492 1663 Fortunatianust)
523 1578 633 1644 Julius
659 1579 782 1662 Victor,
795 1581 819 1661 5)
852 1580 1044 1645 summatim
1078 1581 1303 1662 consentiunt,

181 1683 337 1751 adhibere
360 1683 446 1768 licet,
470 1687 604 1752 ἀπὸτοῦ
629 1690 707 1761 ἴσου,
732 1687 874 1751 ἀπὸτοῦ
899 1689 1048 1760 ἐναντίου,
1074 1687 1208 1751 ἀπὸτοῦ
1232 1691 1302 1769 μεί-

182 1797 287 1866 ζονος,
317 1794 381 1856 ἀπὸ
408 1801 464 1858 τοῦ
493 1795 654 1864 ἐλάττονας
683 1791 863 1858 similitudo
892 1792 1012 1858 horum
1038 1792 1187 1858 locorum
1216 1813 1304 1858 com-

181 1901 333 1964 munium
367 1899 410 1964 ab
440 1900 621 1965 Aristotele
656 1903 928 1965 enumeratorum
962 1901 1183 1985 perspicitur:¹
1207 1899 1304 1984 (rhet.

184 2007 212 2069 B
235 2006 277 2071 23
306 2029 336 2093 p.
361 2007 445 2072 1398
458 2007 488 2089 b,
506 2006 560 2088 20)
593 2011 628 2072 ἐκ
656 2011 792 2091 κρίσεως
819 2009 890 2090 περὶ
918 2059 924 2072 .
951 2059 956 2070 .
981 2009 1095 2090 ὁμοίου
1120 2011 1139 2090 ἢ
1164 2009 1303 2072 ἐναντίου

183 2114 238 2198 [cl.
254 2113 331 2180 ibid.
348 2135 378 2199 p.
395 2113 482 2180 1397
492 2115 568 2195 a‚7:
593 2118 654 2179 ἔστι
679 2116 713 2179 δὲ
736 2116 779 2185 εἷς
801 2116 860 2197 μὲν
883 2115 980 2185 τόπος
1001 2121 1066 2178 τῶν
1090 2116 1253 2178 δεικτικῶν
1269 2117 1305 2178 ἐκ

180 2227 245 2285 τῶν
261 2221 437 2304 ἐναντίων),
462 2221 549 2303 (ibid.
569 2242 599 2306 p.
617 2220 743 2302 13971),
761 2222 829 2304 12);
854 2224 889 2286 ἐκ
912 2229 968 2285 τοῦ
991 2223 1112 2304 μᾶλλον
1135 2223 1190 2284 καὶ
1205 2220 1305 2304 ἧττον.

182 2327 271 2406 Quos
296 2328 337 2394 ed
361 2327 451 2394 locos
475 2327 691 2394 illustrandos
720 2327 871 2394 conferas
895 2328 1006 2393 Herm.
1027 2327 1080 2414 Sp.
1101 2327 1131 2393 ΙΙ
1156 2329 1228 2410 172,
1243 2328 1285 2393 27
1295 2351 1301 2393 :

180 2443 227 2518 τῷ
251 2437 369 2518 ἀριοτεῖ
394 2439 488 2520 γέρας
511 2436 596 2501 εἶναι.
624 2436 691 2499 τινὰ
722 2437 851 2499 λιπόντα
880 2436 936 2519 τὴν
967 2436 1052 2509 τάξιν
1081 2437 1258 2500 ἀπέκτεινεν
1286 2437 1305 2499 ό

181 2545 352 2626 στρατηγός
375 2564 450 2608 oum
466 2543 565 2608 Arist.
582 2564 612 2628 p.
632 2541 717 2607 1397
726 2563 756 2624 a,
771 2542 827 2607 10:
850 2543 886 2606 τό
910 2550 1090 2625 σωφρονεῖν
1113 2544 1245 2624 ἀγαθόν·
1269 2543 1304 2606 τὸ

181 2653 241 2734 γὰρ
265 2653 498 2715 ἀκολασταίνειν
517 2652 684 2734 βλαβερόν,
708 2649 817 2715 Herm.
834 2649 933 2735 Spll
959 2649 1030 2730 172,
1043 2649 1103 2713 24;
1127 2651 1200 2732 ἐξῆν
1224 2651 1304 2713 ἀπα-

181 2760 337 2822 κτιννόναι
359 2759 432 2828 τοὺς
454 2759 617 2827 κατιόντας
640 2759 796 2840 φυγάδας
827 2759 978 2840 μαστίξας
1000 2757 1067 2820 τινὰ
1090 2758 1234 2820 κατιόντα
1262 2781 1306 2827 τις

181 2865 290 2946 φεύγει
317 2865 508 2947 παρανόμου
536 2867 697 2947 τιμωρίας.
730 2865 748 2927 ό
773 2865 832 2946 γὰρ
856 2865 891 2927 τὸ
919 2865 1029 2947 μεῖζόν
1052 2888 1130 2947 φησι
1154 2864 1229 2934 δοὺς
1252 2867 1306 2928 καί

180 2971 215 3034 τὸ
240 2971 364 3035 ἔλαττον
388 2973 517 3036 ἔδωκεν.
543 2992 619 3035 oum
642 2970 741 3034 Arist.
758 2990 788 3054 p.
808 2969 893 3036 1397
903 2970 933 3052 b,
950 2970 1007 3034 12:
1040 2974 1068 3035 εἰ
1087 2972 1166 3054 μηδ’
1182 2974 1213 3035 οῖ
1234 2971 1306 3035 θεοὶ

180 3080 282 3141 πάντα
305 3080 413 3152 ἴσασιν,
446 3079 543 3162 σχολῇ
573 3081 608 3142 οἵ
630 3103 664 3160 γε
687 3079 865 3160 ἄνθρωποι·
896 3085 988 3140 ταῦτα
1022 3079 1082 3160 γάρ
1106 3080 1194 3150 ἐστιν,
1227 3075 1306 3159 elui

179 3185 300 3268 μᾶλλον
331 3187 370 3248 ἂν
400 3187 538 3268 ὑπάρχοι
568 3185 613 3267 μὴ
647 3186 793 3267 ὑπάρχει,
833 3185 929 3267 δῆλον
960 3185 1005 3247 ὅτι
1036 3184 1107 3246 οὐδ’
1134 3181 1164 3264 ᾦ
1196 3183 1304 3265 ἧττον,
1402 3204 1404 3208 ’

181 3290 289 3356 Herm.
312 3289 365 3375 Sp.
382 3290 410 3354 ll
437 3291 509 3371 172,
523 3290 581 3354 31;
615 3293 711 3364 ἔξεστι
734 3293 843 3365 ατίζειν
865 3291 938 3360 τοὺς
960 3290 1102 3372 μοιχοός.
1127 3291 1239 3363 στίζαιν
1261 3314 1305 3360 τις

271 3467 289 3536 1)
307 3467 415 3523 Phileb.
434 3484 461 3537 p.
473 3467 507 3522 41
522 3467 556 3522 C:
577 3463 724 3536 ανλλογίζαυ
743 3464 775 3532 ὃν)
793 3466 823 3518 τὸ
842 3465 993 3536 γιγνόμενον
1012 3464 1039 3518 ἐν
1051 3464 1159 3521 ταὺτοις.
1192 3466 1305 3522 Charm.

181 3573 208 3626 p.
224 3556 275 3610 160
283 3557 315 3623 Ε,
335 3557 419 3626 Gorg.
438 3556 531 3621 40811,
551 3557 635 3611 Polit.
654 3573 681 3626 p.
695 3549 787 3611 2801Ι

270 3647 290 3714 1)
308 3646 382 3700 Plat.
393 3645 472 3716 polit.
483 3662 510 3716 p.
521 3644 609 3710 3080,
619 3645 726 3700 Phileb.
737 3663 763 3716 p.
772 3645 850 3711 25A;
861 3645 978 3699 Aristot.
989 3644 1061 3698 rhet.
1073 3644 1121 3698 Aa
1130 3662 1156 3714 p.
1167 3644 1235 3699 1357
1244 3661 1269 3707 a.
1278 3645 1303 3709 8,

181 3735 244 3790 ibid.
263 3735 335 3788 1322
353 3752 380 3806 p.
397 3734 497 3800 1395b,
512 3735 547 3789 25
565 3738 596 3788 et
615 3733 717 3798 lasea,
730 3735 755 3788 7.

270 3826 288 3894 1)
309 3825 477 3896 Syllogismo
489 3841 524 3878 ex
537 3824 677 3879 contrario
689 3823 793 3877 omisso
808 3823 879 3877 haec
892 3821 1003 3892 scripsit
1017 3822 1075 3890 (Vll
1088 3820 1113 3884 8,
1125 3823 1153 3888 7)
1165 3839 1171 3875 :
1193 3820 1304 3876 »Simile

182 3957 187 3968 .
208 3957 214 3968 .
235 3919 264 3968 et
282 3915 372 3969 maius
392 3918 436 3969 cst
455 3918 485 3969 et
503 3931 554 3984 par
573 3917 603 3968 et
621 3915 736 3968 miuus«

271 4005 303 4073 4),
320 4020 346 4074 p.
374 4004 481 4068 100,11
514 4003 548 4057 Η.
576 4003 659 4073 Apud
689 4001 926 4058 Fortunatianum
961 4016 1023 4053 eam
1056 3999 1190 4068 speciem,
1221 4014 1305 4067 quam

179 4094 370 4163 Hermogenes
389 4091 442 4145 ἀπὸ
461 4096 506 4144 τοῦ
525 4089 662 4147 ἐλάττονος
678 4090 747 4143 κατὰ
764 4090 795 4142 τὸ
814 4087 843 4152 ἐξ
865 4087 942 4141 αἰτοῦ
964 4087 1112 4158 ἀποβαῖνον
1130 4088 1254 4152 vocavit,
1275 4085 1304 4140 ln

181 4183 253 4236 duas
272 4183 299 4252 (a
318 4183 509 4254 consequenti,
529 4199 546 4236 a
564 4181 671 4235 minore
690 4181 728 4234 ad
746 4179 846 4248 maius)
867 4181 976 4233 sectam
995 4178 1160 4233 invenimus

270 4273 290 4341 ὓ)
310 4288 337 4342 p.
352 4271 441 4336 385‚3
459 4271 492 4324 H.
