3198 5054
773 420 1018 487 -116—

423 600 453 665 4.
463 599 639 688 Ἄπορονβ)
656 620 750 664 »cum
759 601 993 682 argumentum
1005 598 1212 684 propositum
1221 597 1332 663 reterri
1342 599 1458 663 contra

335 707 550 793 convertique
574 707 609 771 in
634 727 709 772 eum
734 709 856 793 potest,
882 727 903 771 a
926 727 991 791 que
1014 704 1215 787 dictumest,
1239 707 1274 770 et
1290 705 1458 789 utrimque

335 815 459 900 pariter
481 812 631 896 valet,‹²)
654 816 694 878 ut
709 814 937 879 controversia
960 811 1138 898 disceptari
1162 814 1316 897 nequeat.
1356 810 1458 876 Ouius

334 922 456 1007 speciei
469 920 657 1006 exemplum
669 919 825 986 idoneum
839 922 892 985 est
905 919 1132 986 controversia
1148 918 1188 984 de
1205 919 1311 1004 pretio
1328 916 1459 982 dicendi

336 1029 495 1111 magistre
512 1026 672 1092 solvendo
690 1030 780 1112 nota,
805 1047 874 1092 nen
893 1027 936 1111 id,
962 1026 1051 1112 qued
1066 1026 1276 1108 Augustinus
1300 1028 1335 1091 et
1348 1023 1458 1090 Julius

336 1134 451 1200 Victor
473 1134 646 1220 praebent,
670 1134 783 1219 inepto
800 1134 1037 1217 excogitatum,
1063 1134 1221 1218 quoniam
1238 1133 1308 1198 sive
1324 1132 1458 1217 petitori

335 1241 532 1326 petitionem
545 1241 616 1306 sive
630 1242 816 1307 accusatori
831 1240 1097 1306 criminationem
1113 1239 1156 1306 ad
1169 1239 1343 1304 arbitrium
1358 1259 1457 1304 suum

337 1349 530 1413 convertere
553 1368 621 1412 non
644 1346 730 1415 licet.

425 1454 530 1536 Nunc,
548 1457 732 1540 antequam
745 1454 788 1519 ad
804 1458 956 1519 statuum
972 1452 1218 1539 discriptionem
1235 1456 1456 1536 transcamus,

336 1560 376 1626 de
393 1561 693 1628 controversiarum
709 1561 835 1644 figuris
860 1582 946 1647 quae
964 1560 1127 1642 dicuntur,
1150 1561 1265 1645 paucis
1283 1581 1457 1646 exponam.

336 1667 420 1751 Hae,
453 1669 582 1733 utiam
614 1689 715 1754 supra
745 1689 774 1754 p.
792 1668 836 1733 34
851 1689 898 1754 sq.
915 1668 1021 1750 attigi,
1050 1668 1182 1733 diversa
1210 1667 1457 1732 existimatione

337 1775 438 1862 (δόξᾳ)
463 1774 685 1856 continentur,
711 1796 778 1861 qua
802 1773 971 1840 auditores
991 1774 1108 1841 affecti
1129 1795 1308 1860 persenam
1331 1776 1366 1839 st
1388 1795 1458 1839 rem

334 1883 370 1946 in
392 1881 551 1948 iudicium
573 1881 745 1948 vocandas
769 1883 944 1967 accipiunt.
991 1882 1061 1946 Iam
1089 1903 1163 1947 curn
1195 1879 1398 1946 existimatio
1423 1881 1458 1945 in

336 1992 512 2075 utramque
544 1993 604 2053 aut
634 1989 724 2054 bona
755 1991 816 2054 aut
846 1988 936 2053 mala
967 1992 1027 2054 aut
1057 1989 1092 2053 in
1124 1987 1264 2054 alteram
1296 1988 1394 2071 bena,
1423 1989 1458 2052 in

336 2097 477 2162 alteram
512 2095 602 2160 mala
637 2098 698 2161 aut
731 2096 765 2160 in
801 2099 956 2162 neutram
986 2095 1042 2161 vel
1075 2096 1166 2161 bena
1196 2096 1251 2161 vel
1282 2095 1372 2160 mala
1403 2097 1457 2178 sit,

336 2202 559 2286 Hermagoras
584 2203 666 2268 scite
690 2202 751 2267 hos
776 2206 935 2288 quattuor
957 2202 1074 2268 modos
1099 2202 1262 2269 discrevit.

429 2310 455 2374 1.
473 2311 661 2392 Ἔνδοξοςβ)
686 2330 761 2374 cum
785 2313 820 2375 et
840 2330 984 2395 persona
1007 2313 1042 2374 et
1063 2331 1117 2375 res
1140 2309 1285 2375 honesta
1308 2312 1367 2374 est.

425 2417 453 2482 2.
474 2418 701 2501 tdpptdotocst)
715 2438 790 2482 cum
802 2419 862 2482 aut
878 2416 1092 2482 honestatem
1108 2438 1270 2502 personae
1286 2415 1458 2502 turpitudo

335 2526 382 2589 rei
406 2524 554 2590 maculat
577 2529 637 2591 aut
660 2545 804 2611 persona
827 2524 1007 2590 inhenesta
1031 2527 1092 2608 cst,
1117 2545 1170 2590 res
1192 2524 1345 2590 honesta.

425 2631 454 2696 3.
478 2632 712 2718 Παράδοξος,ῡ)
736 2652 811 2697 oum
835 2635 870 2696 et
892 2652 1036 2718 persona
1059 2634 1094 2697 et
1116 2652 1170 2697 res
1192 2631 1373 2696 inhonesta
1397 2637 1457 2696 est.

425 2827 443 2894 ι1
462 2826 534 2894 Aug.
554 2843 580 2895 p.
596 2825 654 2891 147,
666 2826 697 2891 6;
717 2825 794 2881 Fert.
814 2843 840 2896 p.
853 2827 896 2891 83,
910 2827 935 2890 ὅ,
957 2827 1003 2898 qui
1025 2826 1136 2897 quidem
1154 2827 1235 2880 aliter
1254 2844 1287 2880 ac
1306 2827 1408 2897 reliqui
1425 2827 1457 2880 τὸ

334 2913 437 2985 ἄπορον
454 2914 578 2969 illustrat
596 2915 651 2969 isto
672 2916 800 2986 exemplo
819 2932 899 2970 usus:
922 2917 1005 2970 »Tres
1024 2915 1107 2970 simul
1124 2915 1177 2969 iter
1190 2917 1322 2985 agebant¹
1336 2916 1392 2971 duo
1406 2917 1458 2971 soli

334 3004 439 3058 reversi
457 3007 537 3069 sunt;
557 3007 695 3060 accusant
713 3021 744 3060 se
762 3005 883 3060 invicem
902 3005 1009 3060 caedis:
1029 3005 1074 3059 hic
1087 3005 1161 3060 enim
1173 3005 1257 3059 iudex
1270 3022 1327 3058 non
1340 3005 1456 3069 invenit,

335 3093 402 3163 quid
427 3096 569 3164 sequatur,
599 3111 663 3148 cum
686 3098 806 3165 uterque
832 3096 867 3149 ab
894 3094 983 3148 altero
1009 3094 1086 3149 dicat
1112 3094 1242 3158 occisum,
1274 3098 1304 3148 et
1328 3094 1398 3149 nihil
1422 3095 1456 3149 ab

334 3186 454 3252 utroque
473 3183 510 3236 ad
527 3183 725 3253 probationem
743 3183 835 3254 possit
853 3182 957 3237 adferri
970 3182 1120 3237 deficiente
1133 3182 1370 3237 circumstantia«
1402 3184 1457 3238 Sed

334 3272 389 3326 hcc
424 3273 628 3341 repudiandum
662 3289 724 3327 esse
760 3273 878 3336 videtur,
915 3273 989 3342 quod
1018 3272 1090 3325 haec
1118 3272 1225 3342 species
1253 3273 1457 3343 problematum

335 3363 529 3428 asystatorum
548 3360 589 3414 sic
608 3361 750 3415 illustrata
769 3362 820 3415 sub
840 3361 958 3431 primam
971 3361 1049 3415 cadit
1063 3360 1224 3431 (deficiente
1237 3362 1456 3430 circumstantia>

333 3451 421 3517 atque
450 3448 658 3504 criminationes
686 3453 801 3504 mutuae
827 3449 858 3504 in
885 3451 976 3504 altera
1004 3466 1115 3521 quoque
1141 3450 1325 3520 reperiuntur,
1361 3453 1394 3504 ut
1411 3449 1456 3502 τοὺ

334 3535 437 3606 ἄπορον
459 3537 527 3591 nihil
550 3538 653 3608 proprii
678 3538 804 3593 haberet.
840 3540 900 3593 Iam
926 3555 989 3593 oum
1013 3539 1210 3593 Fortunationi
1236 3540 1393 3610 exemplum
1411 3543 1457 3591 rot

334 3623 552 3696 ἀντιστρέφοντος
570 3629 605 3696 (p.
618 3627 662 3690 83,
678 3628 718 3696 14)
745 3629 878 3699 exemplis
904 3631 951 3680 τοῦ
975 3626 1076 3699 ἀπόρου
1099 3628 1134 3682 ab
1153 3628 1312 3697 Augustino
1332 3633 1362 3682 et
1380 3629 1455 3683 Julio

333 3714 446 3770 Victore
460 3715 495 3786 (p.
508 3716 569 3781 375,
580 3717 605 3785 7)
625 3717 744 3787 prolatis
758 3718 916 3784 conveniat,
936 3716 1039 3788 ἄπορον
1051 3717 1128 3771 aliud
1141 3718 1340 3771 tantummodo
1354 3734 1456 3772 nomen

332 3807 379 3856 τοῦ
404 3803 622 3876 ἀντιστρέφοντος
653 3823 714 3861 esse
739 3806 811 3860 sumi
834 3807 907 3862 licet.
956 3807 997 3860 Cf.
1023 3807 1069 3861 W.
1082 3806 1133 3860 Vll
1154 3806 1212 3870 147,
1226 3806 1276 3873 223
1307 3806 1391 3871 Vssb‚
1410 3809 1454 3872 11;

334 3894 371 3948 IV
386 3894 444 3959 154,
456 3895 498 3950 26.

423 3983 442 4052 ¹)
462 3985 530 4038 Gell.
545 3984 621 4038 V10.

425 4073 444 4141 ³)
463 4072 535 4142 Aug.
554 4090 580 4143 p.
598 4072 697 4140 148‚4;
716 4072 760 4126 30.

423 4161 444 4231 ⁴)
464 4162 532 4217 Ibid.
552 4179 578 4216 u.
597 4164 615 4217 7
623 4180 629 4228 ;
649 4179 676 4232 p.
692 4162 750 4227 149,
761 4161 805 4215 26.

423 4251 442 4316 ὖ1
463 4250 528 4304 Ibid.
548 4267 574 4320 p.
590 4250 706 4318 148,12;
728 4250 788 4314 150,
800 4252 840 4306 17.
