3198 5054
747 381 967 446 „gg-.

296 583 467 646 magorum
492 582 565 628 esse
581 559 842 644 intellegendum
859 558 948 645 apud
963 559 1191 641 Augustinum
1212 559 1421 645 praeclarum

296 669 387 735 illum
411 668 586 734 rhetorem.
632 667 719 732 Nam
748 686 823 732 eum
847 667 919 732 eius
942 668 1110 730 tractatus
1133 665 1270 731 infimae
1294 667 1419 731 aetatis

297 777 351 860 sit,
376 797 443 861 que
467 775 698 842 acutissimum
730 776 883 839 statuum
914 771 1150 858 explicatorem
1181 771 1238 840 alii
1270 771 1420 838 rhetores

297 882 446 949 eiusdem
469 882 612 948 nominis
636 880 743 946 secuti
767 885 864 946 erant
880 880 1033 965 quemvis
1049 880 1160 946 minus
1176 879 1315 962 nubiles,
1348 879 1420 944 fieri

297 990 417 1076 potuit,
456 993 495 1054 ut
529 987 739 1071 Augustinus
777 1007 820 1052 ex
854 985 1078 1068 Hermagorae
1116 985 1307 1073 posterioris
1346 992 1418 1052 arte

297 1097 455 1179 hauriret,
479 1093 513 1158 id
536 1093 624 1180 quod
647 1093 702 1160 vel
724 1093 842 1163 ideireo
859 1094 930 1159 veri
954 1092 1112 1159 dissimile
1135 1113 1204 1158 non
1229 1113 1302 1158 esse
1323 1092 1418 1158 vide-

296 1207 360 1287 tur,
391 1202 476 1288 quod
502 1200 683 1284 Theodoro,
716 1201 810 1266 ouius
834 1200 1018 1266 auditorem
1042 1199 1283 1282 Hermagoram
1311 1198 1418 1265 luisse

297 1307 522 1389 Quintilianus
545 1310 729 1391 testatur,²)
762 1305 985 1392 compluribus
1016 1305 1096 1373 loeis
1128 1308 1417 1387 commemoratob

296 1439 325 1503 p.
346 1415 417 1499 148,
431 1415 475 1481 30
491 1437 537 1501 sq.
570 1415 775 1480 sententiam
798 1413 960 1480 Theodori
972 1415 995 1498 ³)
1027 1414 1089 1480 sub
1119 1414 1253 1480 nomine
1276 1413 1417 1479 Herma-

296 1543 395 1606 gorae
427 1521 568 1608 profert3
603 1525 717 1588 tamen
749 1521 838 1587 idem
873 1520 1025 1586 docuisse
1056 1520 1278 1604 Hermagoras
1313 1520 1419 1586 maior

295 1627 436 1696 videtur.
482 1629 547 1695 Sed
579 1631 754 1715 propterea
778 1629 989 1714 potissimum
1014 1627 1219 1694 dubitaverit
1242 1627 1415 1713 quispiam,

296 1735 429 1803 idemne
454 1738 498 1802 sit
520 1735 702 1818 Augustini
726 1738 761 1801 et
783 1735 811 1800 is
835 1734 1068 1816 Hermagoras,
1094 1734 1188 1800 ouius
1211 1733 1301 1821 apud
1324 1733 1416 1799 Oioe-

294 1865 409 1910 renem
433 1846 469 1908 et
493 1841 734 1922 Quintilianum
766 1843 890 1907 mentio
914 1841 965 1926 fit,
995 1841 1084 1927 quod
1107 1841 1193 1908 oivili
1219 1841 1417 1926 quaestioni,

294 1971 380 2036 quae
412 1970 520 2034 neque
545 1949 588 2014 ab
611 1950 674 2016 hoo
705 1969 813 2035 neque
845 1948 888 2014 ab
920 1948 974 2014 illo
998 1947 1223 2037 Hermagorae
1247 1948 1417 2014 doetrinae

294 2057 495 2139 assignatur,
531 2055 634 2121 talem
670 2057 841 2122 notionem
873 2055 1085 2137 Augustinus
1120 2055 1270 2140 subierit,
1308 2055 1417 2142 qualis

295 2183 371 2228 uum
405 2163 658 2248 quaestionibus
693 2162 905 2246 generalibus
941 2184 962 2228 a
994 2160 1149 2229 Oioerone
1184 2161 1247 2248 sub
1281 2163 1416 2229 nomine

293 2269 519 2352 Hermagorae
543 2268 680 2354 prolatis
710 2268 891 2336 consociari
913 2269 1040 2354 nequit,
1075 2272 1314 2356 praetereaque
1337 2270 1417 2356 quia

293 2379 413 2442 neuter
435 2375 565 2442 illorum
590 2378 834 2443 controversias
865 2379 1038 2462 asystatae
1070 2375 1173 2442 novit.
1219 2376 1292 2444 Hae
1316 2376 1416 2442 dubi-

294 2483 442 2550 tationes
466 2483 546 2550 loeis
572 2484 667 2552 Sexti
682 2483 836 2569 Empiriei
860 2481 935 2549 adv,
951 2483 1054 2550 math.
1071 2482 1100 2548 ll
1117 2483 1160 2550 62
1183 2486 1219 2548 et
1234 2484 1415 2566 Augustini

293 2612 323 2676 p.
351 2591 422 2673 138,
440 2590 483 2656 29
523 2591 724 2677 comparatis
770 2589 943 2656 tolluntur.
1005 2589 1139 2656 Etenim
1186 2589 1415 2657 definitionem

293 2697 441 2763 muneris
469 2698 605 2764 oratorii
628 2718 650 2764 a
672 2697 774 2764 Sexto
798 2696 958 2764 traditam
990 2696 1033 2762 ad
1064 2717 1141 2763 eum
1164 2698 1413 2781 Hermagorem,

293 2803 349 2889 qui
373 2803 456 2869 alios
479 2805 628 2871 rhetores
652 2803 801 2870 eiusdem
824 2804 968 2870 nominis
1000 2807 1035 2869 et
1058 2806 1171 2871 aetate
1204 2808 1238 2870 et
1267 2805 1414 2870 auotori-

292 2912 366 2975 tate
406 2910 597 2992 antecessit,
637 2910 846 2977 referendam
881 2932 956 2977 esse
992 2931 1030 2976 eo
1067 2912 1219 2994 oemitur,
1256 2910 1345 2998 quod
1379 2912 1414 2977 in

293 3016 468 3082 enuntiato
502 3018 729 3105 subsequente
751 3019 958 3102 Athenaeus
994 3038 1093 3104 quem
1125 3019 1213 3084 illius
1245 3018 1414 3085 aemulum

382 3302 400 3371 ¹)
419 3302 457 3355 ΙΙΙ
471 3302 494 3365 1,
508 3303 554 3356 18:
567 3303 652 3357 Plura
661 3303 773 3374 scripsit
783 3303 957 3369 Theodorus,
968 3305 1047 3359 ouius
1057 3304 1213 3358 auditorem
1223 3305 1413 3373 Hermagoran

292 3394 358 3446 sunt
377 3391 423 3461 qui
435 3390 565 3445 viderint.

318 3490 320 3496 ’
381 3479 399 3548 ⁹)
419 3479 579 3550 p.141‚15;
601 3480 660 3546 142,
671 3480 718 3547 22;
740 3481 857 3548 142,27;
879 3481 938 3547 144,
954 3481 995 3536 18.

380 3587 400 3657 ⁸)
421 3587 501 3642 Corn.
528 3593 580 3642 art.
605 3588 676 3642 rhet.
702 3588 768 3658 epit.
788 3603 814 3659 p.
827 3587 952 3653 6,3Gr.:
979 3589 1008 3641 ob
1025 3591 1233 3661 προοιμιαστέον
1252 3629 1258 3643 .
1279 3629 1285 3642 .
1306 3629 1327 3652 .,
1346 3587 1412 3641 όταν

290 3677 346 3746 (lin.
365 3676 391 3736 8l
410 3675 501 3730 οἰκεῖοι
519 3669 582 3730 οἶσιν
600 3672 628 3729 οἰ
644 3675 787 3734 anatome·
811 3677 936 3749 περιττὸν
957 3677 1008 3750 γὰρ
1032 3677 1063 3730 τὸ
1081 3680 1230 3750 πειρᾶσθαι
1248 3677 1331 3734 οἴνους
1349 3677 1413 3746 ipsiu

289 3765 376 3818 ποιεῖν
399 3765 458 3822 τοὺς
476 3765 619 3823 duodenae
642 3761 749 3824 οἰκείους
766 3766 852 3823 ὄντας.
889 3768 993 3837 [Quint.
1013 3767 1050 3822 IV
1063 3769 1145 3835 1,72;
1164 3769 1200 3824 M.
1220 3768 1340 3833 Schanz,
1360 3767 1411 3821 Die

290 3854 491 3926 Apollodoreer
515 3857 573 3910 und
599 3857 644 3910 die
669 3856 857 3912 Theodoreer.
887 3856 987 3925 [Herm.
1007 3856 1083 3912 XXV
1095 3857 1148 3926 441)
1185 3857 1226 3912 cf.
1246 3858 1316 3928 Aug.
1337 3857 1354 3911 l.
1374 3871 1409 3910 s.:

292 3965 324 3998 ›.
345 3985 351 4001 .
369 3943 398 3998 in
418 3945 528 3999 endoxo
547 3960 649 4014 genere
668 3945 805 4000 materiae
823 3945 1012 4016 Hermagoras
1031 3950 1119 4016 negat
1137 3963 1199 4001 esse
1216 3946 1410 4017 praefandum.

290 4031 362 4088 Nam
381 4032 404 4086 si
422 4033 638 4098 benivolentiae,
657 4033 968 4104 inquit‚'oonoiliandae
986 4035 1080 4104 gratia
1097 4034 1219 4107 praefari
1231 4035 1361 4098 solemus¹
1382 4035 1410 4089 in

290 4121 382 4176 bonae
401 4121 540 4191 opinionis
552 4122 681 4177 themate
695 4164 701 4177 .
716 4165 721 4178 .
737 4165 743 4178 .
756 4124 871 4194 benigni
884 4127 953 4179 sunt
963 4124 991 4190 ii,
1006 4127 1076 4196 aput
1088 4140 1158 4195 quos
1170 4140 1267 4178 sumus
1280 4123 1409 4187 loouturi¹

292 4209 362 4264 nihil
380 4213 476 4264 autem
495 4211 601 4266 attinet
619 4227 726 4282 parare,
746 4213 820 4284 quod
839 4216 969 4285 paratum
988 4216 1057 4269 est«
