3224 5044
529 1305 926 1392 PRAEFATIO.

254 1576 304 1641 De
341 1576 470 1659 integro
505 1576 568 1642 viri
604 1575 693 1641 docti
727 1576 780 1640 his
815 1576 1019 1662 temporibus
1054 1578 1089 1642 in
1123 1577 1289 1646 rhetorica

163 1683 306 1769 antiqua
336 1683 449 1749 studia
480 1682 728 1748 collocaverunt
759 1703 868 1769 neque
898 1683 1072 1768 immerito,
1102 1684 1132 1749 si
1155 1685 1288 1770 quidem

163 1812 204 1857 ea
226 1790 437 1876 potissimum
462 1793 534 1855 arte
551 1789 752 1856 Graecorum
773 1793 807 1855 ei
822 1789 1050 1856 Romanorum
1067 1791 1287 1857 eruditionem

161 1897 358 1984 litterasque
388 1897 537 1963 imbutas
564 1896 669 1964 fuisse
701 1899 844 1964 constat.
891 1896 935 1962 Et
966 1919 1041 1964 curn
1065 1897 1210 1964 antehac
1234 1900 1313 1965 de·'

161 2005 339 2090 scriptione
363 2006 542 2090 praecepta
577 2002 706 2070 dicendi
745 2003 899 2070 diversae
938 2004 1062 2070 aetatis
1100 2006 1286 2090 promiscue

161 2111 333 2197 complexa
361 2111 510 2178 contenti
545 2111 670 2177 fuerint
704 2111 820 2196 paucis
852 2112 1193 2178 commentationibus
1226 2133 1284 2178 ex-

161 2219 275 2304 ceptis,
308 2219 430 2285 abhinc
459 2219 586 2284 circiter
617 2218 763 2305 quinque
796 2221 830 2284 et
861 2219 980 2302 viginti
1004 2240 1112 2285 annos
1135 2219 1179 2285 ad
1203 2220 1284 2286 artis

161 2325 324 2391 oratoriae
347 2325 522 2391 bistonum
546 2325 786 2411 explorandam
806 2324 862 2391 vel
876 2324 1110 2392 illustrandam
1127 2348 1163 2392 se
1180 2326 1285 2412 appli-

161 2452 235 2498 care
266 2435 455 2517 coeperunt,
488 2433 558 2498 sive
591 2431 632 2498 de
664 2433 871 2516 singulorum
902 2433 1073 2498 rhetorum
1106 2435 1220 2499 aetate
1245 2455 1285 2499 ac

158 2540 346 2625 praeceptis
369 2560 519 2605 seorsum
543 2538 780 2621 disseruerunt,
807 2539 888 2624 sive,
913 2560 1001 2626 quae
1016 2540 1102 2605 ratio
1119 2541 1206 2606 inter
1225 2561 1282 2605 eos

156 2645 354 2730 intercedat,
379 2645 554 2712 ostendere
579 2645 791 2712 studuerunt.
823 2647 861 2712 ln
881 2647 933 2714 his
950 2648 1091 2732 scriptiS,
1117 2667 1204 2734 quae
1219 2647 1283 2712 hoe

156 2753 228 2820 loco
264 2774 459 2819 enumerare
492 2753 629 2838 longum
665 2757 731 2838 est,
765 2753 896 2820 nullum
925 2754 1111 2839 invenitur,
1143 2775 1209 2841 quo
1241 2752 1281 2819 de

156 2881 280 2944 magna
311 2861 518 2948 quaestione,
551 2882 651 2947 quarn
682 2861 847 2928 rationem
877 2862 1004 2927 habeat
1035 2861 1200 2927 rhetorica
1230 2860 1282 2925 in-

155 2968 310 3034 feriorum
327 2970 536 3053 temporum,
569 2969 662 3034 ouius
687 2972 789 3054 caput
812 2968 1031 3053 columenque
1054 2969 1280 3052 Hermogenes

156 3075 427 3157 existimabatur,
460 3075 504 3140 ad
535 3095 624 3155 earn,
657 3095 744 3160 quae
776 3075 867 3160 prius
897 3075 1044 3158 vigebat,
1082 3074 1280 3160 disputatur.

154 3181 273 3268 Itaque
304 3181 347 3246 ad
376 3182 441 3247 hoc
464 3202 586 3248 munus
611 3180 766 3247 accedere
791 3182 957 3247 constitui.
1002 3179 1097 3260 Quod
1121 3179 1278 3268 quoniam

155 3289 302 3374 spatium
331 3289 409 3354 huic
441 3289 718 3354 commentationi
748 3309 944 3355 conoessum
977 3287 1109 3371 transit,
1142 3286 1279 3353 modicis

152 3395 279 3461 finibus
303 3398 376 3461 erat
392 3389 736 3461 circumscribendum.
772 3395 979 3481 Quapropter
994 3395 1029 3462 in
1045 3395 1278 3477 gravissimam

152 3505 284 3589 partem
321 3503 461 3569 rationis
500 3503 645 3587 dicendi,
686 3505 837 3568 statuum
870 3501 1073 3582 doctrinam,
1112 3501 1278 3586 inquirere

152 3611 235 3675 satis
259 3609 434 3693 habemus,
460 3631 534 3676 cum
552 3609 717 3696 explicare
733 3629 902 3690 conamur,
919 3611 1032 3674 utrum
1050 3607 1277 3691 Hermogenes

152 3737 227 3781 earn
259 3717 391 3782 auxerit
420 3716 476 3782 vel
507 3717 704 3802 expoliverit
736 3736 780 3781 an
811 3715 895 3780 nihil
924 3714 995 3780 fere
1025 3715 1186 3800 praebeat
1213 3714 1278 3779 nisi

150 3843 238 3909 quae
269 3827 401 3890 veteres
425 3823 548 3889 artium
572 3824 747 3909 scriptores
771 3821 989 3890 tradiderunt.
1036 3819 1102 3886 Sed
1125 3818 1276 3906 quando·

149 3927 294 4016 quidem,
318 3930 397 4017 quid
421 3928 461 3996 de
481 3930 592 3994 causis
608 3930 710 3994 variis
726 3930 858 3995 ratione
875 3949 916 3994 ac
932 3928 1074 3993 scientia
1090 3927 1275 3992 tractandis

150 4041 230 4103 ante
253 4035 497 4120 Hermogenem
519 4038 734 4123 praeceptum
758 4037 811 4118 sit,
837 4035 987 4100 nondum
1012 4036 1095 4100 satis
1120 4035 1274 4100 accurate

148 4144 412 4229 pervestigatum
438 4148 499 4227 est,
525 4144 627 4210 etiarn
650 4143 738 4208 hanc
762 4141 995 4228 quaestionem
1017 4145 1148 4227 praeter
1171 4139 1271 4224 illam,

149 4271 249 4336 quam
285 4252 429 4317 maxime
465 4253 662 4337 poterimus,
698 4250 887 4336 persolvere
923 4249 1034 4315 conari
1070 4247 1272 4316 debebimus.

202 4365 321 4408 daeneke.
1133 4355 1145 4407 l
