3224 5044
773 417 996 482 ..18-

323 595 461 681 privatis
486 595 615 660 sivein
638 593 759 659 indicio
784 593 1036 679 exercitatam1)
1057 591 1146 678 apud
1163 593 1300 676 Siculos,
1326 593 1445 679 quippe

323 701 380 787 qui
413 704 527 767 essent
558 703 682 766 natura
713 683 757 766 ad
790 701 1034 767 controversias
1064 700 1229 787 propensi,
1262 701 1408 783 viguisse
1420 703 1446 787 e)

324 811 465 875 constat.
511 807 639 874 Deinde
673 808 826 891 cognatio
859 806 1053 888 studiorum,
1079 828 1165 892 quae
1188 809 1275 872 inter
1297 808 1446 873 rhetores

324 914 453 980 Siculos
485 917 519 980 et
551 915 722 1000 sophistas
752 914 936 996 intercedit,
966 914 1152 999 spectanda
1175 916 1234 981 est.
1280 912 1323 979 Hi
1348 914 1445 998 enim,

324 1042 399 1086 cum
431 1021 679 1088 subiectivismo
713 1023 815 1107 atque
846 1019 1092 1109 relativism0,⁸)
1115 1023 1155 1086 ut
1176 1020 1447 1107 philosophorum

323 1128 421 1194 novis
452 1127 626 1194 vocabulis
657 1132 744 1210 utar,
776 1126 1006 1210 indulgebant,
1042 1129 1164 1212 pariter
1196 1130 1299 1213 atque
1331 1127 1379 1193 illi
1411 1129 1446 1192 in

325 1235 672 1317 argumentationibus
697 1256 714 1300 e
736 1234 806 1301 veri
822 1232 1037 1301 similitudine
1053 1236 1187 1300 tantum
1205 1233 1314 1300 ductis
1330 1254 1446 1299 versa-

323 1342 448 1406 bantur
457 1340 482 1426 4)
507 1344 543 1407 et
566 1340 700 1428 aequali
719 1340 865 1407 sollertia
885 1342 919 1406 in
936 1344 1259 1427 utramquepartem
1276 1341 1446 1426 disputare

324 1469 360 1512 se
383 1468 482 1533 posse
505 1448 789 1533 profitebantur‚⁶)
814 1449 936 1534 quain
961 1448 1125 1514 facultate
1148 1451 1308 1534 utrosque
1325 1450 1448 1512 natura

414 1665 432 1730 ¹)
455 1662 528 1715 Plat.
555 1660 636 1732 soph.
662 1678 689 1731 p.
708 1660 808 1715 2253:
841 1660 877 1711 Τὸ
906 1700 912 1714 .
933 1699 939 1714 .
967 1665 1029 1731 περὶ
1052 1659 1100 1716 τὰς
1123 1659 1329 1730 ἀμφισβητήσεις
1353 1661 1448 1712 θετέον

324 1745 420 1802 διττόν.
458 1747 530 1801 Καθ’
554 1747 616 1801 ὅσον
633 1748 683 1817 μὲν
700 1747 752 1819 γάρ
775 1750 889 1818 γίγνεται
913 1748 1008 1816 μηκεσί
1025 1769 1052 1800 τι
1069 1748 1135 1820 πρὸς
1154 1746 1260 1800 ἐναντία
1277 1747 1348 1816 μηκη
1366 1745 1448 1818 λόγων

323 1842 368 1890 καὶ
391 1842 452 1909 περὶ
475 1837 508 1890 τὰ
535 1835 624 1890 δίκαια
642 1842 686 1890 καὶ
706 1834 785 1890 ἄδικα
804 1835 925 1906 δημοσίᾳ,
946 1835 1086 1891 δικανικόν.
1178 1838 1214 1890 Τὸ
1234 1835 1257 1890 δ
1276 1837 1303 1890 ἕν
1322 1833 1397 1893 ἰδίοις
1416 1830 1447 1888 oi

323 1931 368 1978 καί
385 1929 691 1997 κατακεκερματισμένον
710 1926 849 1996 ε’ρωτίσεσι
866 1925 932 1997 πρὸς
950 1926 1100 1998 ἀποκρίσεις
1117 1930 1175 1993 μῶν
1194 1921 1343 1995 εἰθίσμεθα
1360 1924 1448 1979 καλεῖν

323 2013 388 2068 ἄλλο
406 2013 475 2082 πλὴν
493 2015 670 2086 ἀντιλογικάν;

416 2107 435 2176 ²)
455 2106 557 2160 Moneo
576 2105 778 2176 Epicharmum
796 2106 941 2172 comicum,
962 2107 1009 2177 qui
1022 2106 1169 2176 Syracusis
1187 2106 1292 2170 floruit,
1313 2105 1446 2171 fabulam,

324 2211 396 2265 quae
415 2194 552 2265 inscripta
571 2197 632 2248 erat
649 2193 737 2264 Λίγσς
755 2198 800 2246 καὶ
812 2195 924 2264 Λογίνα,
945 2195 1137 2265 composuisse
1156 2198 1186 2250 et
1197 2195 1290 2266 poesis
1303 2194 1448 2250 bucolicae

324 2283 473 2354 praecipue
485 2283 515 2336 in
528 2283 621 2338 Sicilia
635 2284 728 2338 cultae
737 2285 865 2355 proprias
875 2301 936 2338 esse
945 2287 1093 2354 pastorum
1103 2284 1278 2339 certationes
1299 2284 1449 2339 Praeterea

324 2375 456 2426 notemus
482 2375 595 2442 oportet
619 2374 648 2427 in
674 2373 836 2427 Aristotelis
861 2372 1003 2428 rhetorica
1027 2391 1061 2428 eo
1084 2374 1145 2444 ipso
1171 2373 1242 2438 loco,
1269 2373 1316 2427 ubi
1335 2373 1448 2428 Coracis

324 2463 415 2516 artem
435 2461 559 2532 attingit,
580 2463 709 2516 eristicae
728 2463 900 2517 mentionem
918 2462 980 2516 fieri
1001 2463 1035 2529 (v.
1055 2480 1081 2532 p.
1103 2463 1207 2527 1402a,
1225 2462 1314 2532 4‚14).

415 2551 433 2621 ³)
454 2551 531 2606 Sext.
551 2551 631 2623 Elmp.
652 2552 717 2606 adv,
736 2551 824 2605 math.
844 2551 961 2606 V1160:
983 2591 989 2604 .
1010 2591 1016 2604 .
1036 2591 1042 2604 .
1062 2550 1245 2622 Πρωταγόραν
1270 2548 1298 2603 δὲ
1322 2551 1369 2604 τὸν
1388 2551 1448 2620 Ἀβ-

324 2635 432 2710 δηρίτην
450 2637 619 2710 ἐγκατέλεξάν
636 2659 704 2695 τινες
716 2643 752 2704 τῷ
765 2643 832 2710 χορῷ
845 2643 898 2692 τῶν
910 2639 1087 2710 ἀναιρούντων
1099 2640 1129 2693 τὸ
1141 2640 1277 2712 κριτήριον
1290 2638 1447 2710 φιλοσόφων·

324 2725 383 2780 ἐπεί
404 2748 467 2796 φησι
490 2728 578 2784 πάσας
602 2729 650 2784 τὰς
669 2730 814 2797 φαντασίας
839 2729 948 2785 καὶτὰς
967 2726 1045 2792 δόξας
1064 2727 1172 2795 ἀληθεῖς
1189 2729 1315 2801 ὑπάρχειν
1333 2734 1378 2781 καὶ
1395 2733 1449 2781 τῶν

323 2815 389 2887 πρὸς
407 2836 434 2868 τι
452 2814 519 2869 εἶναι
537 2817 585 2882 την
603 2815 737 2883 ἀληθειαν
756 2814 800 2870 διὰ
818 2817 848 2870 τὸ
867 2821 922 2870 πᾶν
940 2817 971 2869 τὸ
991 2817 1072 2886 φανὲν
1087 2817 1104 2883 ἢ
1117 2815 1197 2881 δόξαν
1209 2823 1261 2871 τινὶ
1275 2801 1372 2874 εάθίως
1383 2817 1450 2888 πρὸς

324 2903 422 2957 ἐκεῖνον
439 2905 571 2977 ἀπάρχειν.
609 2907 649 2960 Oi.
670 2907 736 2960 ibid.
761 2908 776 2976 ξ
796 2907 843 2961 δλτ
875 2910 990 2959 τοιοῦτοι
1009 2947 1014 2960 .
1036 2949 1041 2962 .
1062 2910 1192 2976 γεγονέναι
1216 2905 1335 2977 λέγονται
1354 2911 1399 2959 καὶ
1424 2903 1452 2959 οἱ

323 2997 385 3063 περὶ
403 2993 450 3046 τὸν
468 2991 629 3062 Εἰθίδημον
646 2999 692 3047 καὶ
708 2993 902 3067 Διονυσόδωρον
922 2996 1049 3067 (quorum
1068 2997 1258 3068 sophistarum
1279 3014 1324 3050 ars
1337 2997 1448 3052 eristica

325 3084 353 3136 in
371 3083 500 3138 Platonis
518 3084 698 3156 Euthydemo
717 3086 859 3156 illuditur)·
884 3090 938 3138 τῶν
962 3085 1012 3157 γὰρ
1036 3085 1103 3156 πρός
1120 3106 1147 3138 τι
1169 3090 1215 3138 καὶ
1233 3079 1304 3138 οὗτοι
1322 3084 1352 3138 τό
1371 3106 1400 3138 τε
1418 3085 1448 3138 ὃν

324 3177 370 3224 καὶ
387 3172 418 3224 τὸ
437 3170 536 3239 ἀληθὲς
553 3172 752 3228 ἀπολελοίπασι.

413 3263 434 3333 ⁴)
453 3263 526 3319 Plet.
545 3264 667 3318 Phaedr.
688 3282 716 3336 p.
729 3265 833 3318 267Αε
856 3265 949 3316 Τισίαν
967 3261 996 3316 δὲ
1014 3269 1036 3316 Ι
1036 3266 1127 3336 οργίαν
1137 3285 1166 3318 τε
1185 3263 1296 3334 ἐάσομεν
1314 3261 1403 3329 εἱίδειν,
1423 3264 1452 3316 οἳ

324 3351 377 3422 πρὸ
396 3354 449 3403 τῶν
467 3348 577 3418 ἀληθῶν
595 3353 629 3404 τά
649 3353 738 3406 εἰκότα
763 3350 832 3405 εἶδον
857 3352 890 3409 ὡς
912 3357 1024 3422 τιμητία
1048 3352 1158 3422 μᾶλλον,
1186 3353 1221 3406 τά
1245 3375 1274 3406 τε
1299 3347 1331 3406 οἷ
1351 3355 1448 3425 σμικρὰ

324 3437 427 3509 μεγάλα
444 3441 541 3493 καὶτὰ
559 3439 662 3511 μεγάλα
681 3441 778 3513 σμικρὰ
798 3444 944 3510 φαίνεσθαι
956 3447 1061 3495 ποιοῖσι
1074 3439 1117 3495 διὰ
1131 3442 1221 3514 ῥώμην
1233 3441 1316 3513 λόγον,
1330 3442 1409 3496 καινά
1421 3463 1450 3495 τε

325 3526 440 3599 ἀρχαίως
457 3529 491 3581 τά
509 3529 528 3582 τ’
553 3529 659 3583 ἐναντία
677 3535 779 3593 καινῶς,
806 3533 946 3600 συντομίαν
967 3553 996 3584 τε
1018 3530 1102 3602 λόγων
1120 3537 1165 3584 καὶ
1183 3532 1281 3603 ἄπειρα
1299 3530 1370 3600 μὴκη
1387 3537 1450 3603 περὶ

325 3617 433 3670 πάντων
452 3618 567 3689 ἀνεῦρον.
605 3620 647 3673 Cf.
668 3621 785 3674 Aristot.
804 3620 875 3675 rhet.
895 3621 967 3675 Β24
985 3640 1010 3692 p.
1026 3621 1128 3687 1402α,
1141 3623 1188 3676 23:
1213 3621 1243 3673 τὸ
1266 3621 1313 3674 τὸν
1331 3620 1402 3687 η’ττω
1421 3618 1450 3673 δὲ

325 3704 403 3776 λόγον
429 3708 538 3778 κρείττω
565 3709 651 3760 ποιεῖν
678 3707 743 3760 τοῦτ’
776 3707 854 3762 ἐστίν.
877 3714 922 3761 καὶ
945 3707 1066 3763 enada
1091 3706 1196 3766 δικαίως
1220 3707 1400 3781 ἐδυσχέραινον
1425 3705 1453 3762 οἰ
1497 3737 1504 3752 ·

326 3795 469 3867 ἄνθρωποι
486 3797 517 3849 τὸ
536 3796 715 3868 Πρωταγόρου
734 3796 891 3868 ἐπάγγελμα·
912 3794 1005 3868 ψεῦδὸς
1022 3819 1051 3851 τε
1068 3798 1118 3869 γάρ
1138 3797 1215 3863 ἐστιν,
1234 3803 1280 3852 καὶ
1293 3798 1338 3851 οἰκ
1351 3796 1451 3865 ἀληθὲς

325 3881 392 3936 ἀλλά
413 3884 571 3955 φαινόμενον
589 3881 663 3949 εἰκάς,
683 3891 728 3939 καὶ
746 3885 774 3938 ἐν
792 3883 900 3960 οἷιδεμιᾷ
918 3890 994 3960 τέχνη
1012 3885 1065 3940 ἀλλ’
1090 3887 1117 3939 ἐν
1130 3889 1254 3960 ῥητορικῗ
1266 3893 1312 3940 καὶ
1325 3887 1448 3959 ε’ριστικῇ.

417 3976 436 4044 ⁶)
454 3975 528 4030 Plat.
548 3976 629 4046 soph.
649 3994 675 4047 p.
688 3977 786 4030 232B:
807 3975 837 4028 ἓν
856 4016 862 4030 .
884 4016 889 4029 .
908 3977 937 4028 τί
952 3997 999 4045 μοι
1017 3975 1134 4045 μάλιστα
1152 3977 1285 4046 κατεφάνη
1304 3977 1383 4030 αἰτίον
1402 3979 1449 4047 (sc.

325 4062 374 4115 τὸν
392 4062 526 4133 σοφιστὴν)
551 4067 656 4132 μηνῦον.
682 4069 783 4120 ΘΕΑΙ.
811 4065 846 4117 Τὸ
865 4067 955 4134 ποῖονη
981 4067 1034 4120 ΞΕ.
1053 4064 1228 4136 Ἀντιλογικίιν
1253 4066 1332 4119 αάτὸν
1350 4067 1451 4135 ἔφαμεν

327 4147 396 4204 εἶναι’
411 4172 470 4206 που.
491 4170 554 4207 cum
573 4155 670 4209 adnot.
691 4155 721 4210 0.
741 4156 854 4226 Apeltii.
890 4156 933 4209 De
952 4158 1012 4210 arte
1037 4157 1252 4222 concertatoris,
1274 4174 1347 4228 quae
1364 4155 1450 4225 vulgo

328 4240 428 4295 dicitur
452 4243 572 4308 mistica,
601 4244 665 4299 vide
691 4245 804 4298 omnino
824 4246 857 4298 A.
877 4245 928 4300 Gu.
948 4244 1172 4299 Winckelmanni
1197 4247 1302 4316 proleg.
1322 4245 1359 4299 ad
1376 4245 1450 4299 Plat.
