3198 5054
618 401 837 468 ..99-

46 585 48 590 ’
167 582 259 646 notio
282 589 338 646 τοῦ
361 583 521 646 πολιτικοῦ
546 585 723 665 ζητήματος
745 580 871 646 finibus
895 583 966 645 tam
989 579 1126 646 modicis
1151 581 1288 645 circum-

152 689 291 779 scripta
311 687 401 774 ,tales
424 688 642 773 quaestiones
665 687 779 773 procul
802 708 823 752 a
845 686 976 770 vulgari
997 685 1117 752 iudicio
1141 689 1288 752 remotas

168 817 206 860 ac
236 795 348 880 potius
380 793 585 881 philosophis
617 796 865 878 convenientes,
902 794 1018 880 quales
1049 793 1289 877 Hermagoram

167 901 290 967 oratori
323 900 503 967 subiecisse
528 900 639 967 Cicero
663 901 698 966 in
725 901 909 967 rhetoricae
932 899 1015 966 libro
1039 901 1145 987 priore
1177 899 1287 983 refert,

169 1007 342 1095 complecti
367 1009 506 1093 potest?
553 1009 658 1074 letam
682 1007 917 1074 difficultatem
942 1007 1068 1074 Piderit
1091 1007 1185 1074 Sexti
1209 1007 1288 1072 um-

166 1115 256 1201 pirici
281 1137 319 1181 ec
344 1115 425 1197 loco,
451 1115 508 1180 ubi
533 1114 638 1181 civilis
663 1115 816 1200 quaestio
835 1113 1059 1197 Hermagorae
1084 1114 1287 1197 attribuitur,

167 1221 397 1288 addubitando
429 1221 544 1288 tollere
574 1224 715 1288 conatus
747 1226 808 1288 est.
856 1222 930 1302 Qua
961 1220 1002 1286 de
1033 1242 1078 1303 re,
1110 1224 1288 1307 postquam

165 1329 346 1412 Augustini
371 1328 627 1415 explicationem
650 1331 689 1394 ut
712 1329 776 1394 toti
799 1332 952 1394 statuum
975 1326 1145 1394 doctrinae
1162 1328 1290 1393 Temnii

168 1439 406 1518 congruentem
422 1436 560 1522 accepit,
586 1437 670 1502 haec
687 1436 766 1501 dicit
786 1435 818 1521 (l.
835 1435 888 1500 all.
904 1456 934 1521 p.
951 1435 1020 1522 21):
1038 1433 1289 1500 ¹»Nihilominus

167 1546 283 1609 tamen
305 1543 544 1625 Hermagoram
567 1542 650 1608 illud
673 1547 706 1608 έν
729 1546 889 1627 πράγματι
910 1545 1060 1626 πολιτικῷ
1085 1540 1166 1607 data
1189 1562 1290 1630 opera

168 1650 328 1734 omisisse,
353 1671 396 1716 ne
414 1650 554 1717 oratoris
571 1650 718 1716 officium
739 1649 936 1716 arctioribus
951 1648 1078 1714 finibus
1093 1647 1287 1733 includeret,

167 1757 244 1823 iude
277 1758 435 1843 sequitur,
471 1756 559 1843 quod
590 1759 661 1842 ipse
692 1757 907 1844 quaestiones
943 1756 987 1821 ad
1017 1755 1107 1840 hunc
1137 1755 1288 1820 modum:

168 1864 285 1949 ecquid
318 1866 362 1930 sit
390 1865 513 1930 bonum
545 1868 677 1950 praeter
707 1864 948 1929 honestatem?
980 1884 1067 1948 quae
1099 1864 1143 1927 sit
1173 1863 1289 1928 mundi

168 1970 298 2036 forma?
323 1992 409 2058 quae
433 1971 512 2038 solis
533 1971 755 2054 magnitudo?
779 1975 840 2037 etc.
865 1969 988 2036 oratori
1011 1969 1175 2050 attribuit,
1201 1990 1288 2055 quae

167 2076 210 2142 ad
247 2077 520 2164 philosophorum
558 2082 593 2145 et
631 2077 942 2144 mathematicorum
988 2077 1099 2163 potius
1140 2075 1289 2142 officium

166 2185 372 2270 pertinerent
387 2207 495 2270 neque
511 2186 546 2249 in
564 2206 773 2252 communem
789 2185 892 2251 animi
908 2184 1155 2270 perceptionem
1171 2184 1288 2250 cadere

167 2296 313 2376 possent.
361 2290 468 2372 Quare
502 2291 628 2375 dubito,
661 2313 741 2357 num
775 2314 825 2374 ea,
859 2313 961 2378 quam
993 2291 1083 2356 Sext.
1100 2290 1192 2377 Emp.
1214 2291 1289 2357 adv.

167 2399 270 2465 math.
293 2399 349 2465 lib.
365 2399 393 2464 Π
409 2399 452 2464 62
484 2421 514 2485 p.
532 2400 594 2465 301
629 2399 731 2465 officii
762 2401 902 2464 oratoris
935 2398 1167 2466 definitionem
1199 2397 1287 2479 dicit,

168 2508 273 2571 nostri
304 2527 377 2572 esse
408 2507 541 2593 possit«
591 2506 657 2572 Sed
690 2506 829 2572 Sextum
861 2504 1061 2590 Empiricum
1093 2505 1126 2569 in
1159 2505 1223 2570 hac
1254 2525 1289 2569 re

167 2634 242 2678 cum
257 2614 446 2697 Augustino
472 2615 668 2695 consentire,
694 2617 734 2678 ut
749 2611 833 2678 alter
848 2612 941 2678 locus
965 2610 1070 2677 altero
1087 2611 1287 2692 stabiliatur,

167 2741 268 2806 supra
291 2719 436 2786 vidimus
461 2724 562 2806 atque
588 2722 803 2806 quaestiones
828 2720 890 2785 sub
915 2738 1127 2785 communem
1151 2738 1289 2782 sensum

167 2827 327 2894 cadent-es
360 2832 394 2892 et
424 2827 629 2914 philosophis
661 2825 739 2892 solis
771 2826 1009 2892 convenientes
1041 2845 1110 2890 una
1138 2824 1289 2889 doctrina

166 2934 424 3021 comprehensas
458 2956 532 3000 esse
567 2932 737 3020 probabile
771 2954 840 2998 non
875 2937 935 2998 est.
981 2931 1109 2997 Deinde
1144 2931 1289 2996 Netzlrer

166 3041 197 3126 (l.
211 3041 264 3106 all.
280 3062 311 3127 p.
331 3042 381 3128 18)
406 3042 446 3107 de
460 3040 715 3128 quaestionibus
737 3061 758 3105 a
779 3039 933 3105 Cicerone
952 3038 1178 3120 Hermagorae
1203 3039 1289 3104 assi-

168 3149 281 3232 gnatis
303 3149 374 3214 iure
399 3148 532 3235 quidem
556 3151 755 3230 interrogat:
790 3150 972 3212 »Attamen
988 3165 1070 3210 num
1085 3166 1202 3210 revera
1217 3148 1287 3210 tam

167 3277 291 3340 magna
314 3256 454 3321 scientia
477 3257 511 3321 in
536 3256 665 3321 civibus
697 3254 852 3319 omuibus
884 3253 956 3318 eius
988 3251 1112 3317 aetatis
1143 3251 1217 3336 fuit,
1249 3255 1289 3317 ut

168 3364 208 3428 de
244 3361 406 3429 eiusmodi
441 3363 695 3448 quaestionibus
729 3364 869 3446 possent
903 3358 1060 3425 iudicium
1095 3358 1206 3425 ferre?
1252 3356 1288 3422 ld

167 3470 255 3555 quod
288 3490 348 3552 ego
380 3491 448 3535 non
480 3470 575 3536 oredo
599 3490 707 3553 neque
731 3470 909 3554 quisquam
929 3464 1193 3543 facilecredetx
1230 3464 1289 3530 sed

168 3598 244 3643 cum
268 3575 439 3642 contendit
468 3577 710 3658 »Hermagorae
735 3579 858 3657 aetate,
892 3594 967 3639 cum
992 3573 1207 3658 quaestiones
1237 3573 1288 3637 in-

165 3683 327 3749 definitae
344 3683 537 3771 plerumque
554 3705 596 3748 ex
612 3681 823 3769 philosophia
838 3683 1003 3767 sumptae,
1022 3700 1108 3764 quae
1126 3682 1289 3745 vocantur

164 3794 278 3865 θέσεις,
309 3791 496 3856 oratoribus
521 3790 660 3856 attribui
684 3787 838 3872 solerent,
870 3789 908 3851 ut
930 3787 1165 3869 tractarentur,
1197 3783 1289 3848 illam

166 3919 283 3964 vocem
306 3897 458 3963 liberiore
491 3895 637 3983 quodam
669 3918 734 3962 usu
758 3898 792 3960 et
814 3897 983 3964 ὑποθέσεις
1014 3895 1048 3957 et
1078 3894 1195 3961 θέσεις.
1214 3912 1288 3955 esse

167 4004 389 4090 amplexam«
423 4003 514 4070 illam
545 4003 812 4089 repugnantiam,
854 4021 940 4086 quae
973 3999 1061 4064 civili
1092 3998 1288 4082 quaestione

166 4112 298 4199 propria
333 4111 578 4193 significatione
618 4113 750 4175 statuta
786 4113 820 4173 et
853 4107 980 4172 finibus
1018 4104 1202 4170 rhetoricae
1240 4105 1289 4169 ita

163 4215 297 4301 lougius
314 4219 453 4304 prolatis
470 4218 580 4300 oritur,
598 4217 753 4299 neglexit.
790 4214 916 4281 Striller
932 4233 1064 4300 quoque
1081 4212 1114 4296 (l.
1127 4209 1179 4276 all.
1191 4232 1221 4296 p.
1234 4211 1288 4293 25)

1091 4317 1128 4371 7*
