3224 5044
765 422 990 488 -56-

316 600 497 668 definiendi
535 600 775 684 Hermagoram
812 600 984 667 rhetorum
1022 599 1232 666 adversa-rios
1269 600 1441 667 refellendi

317 730 421 776 eausa
455 729 554 774 usum
589 729 663 772 esse
697 706 750 772 his
785 707 896 773 verbis
926 707 1107 790 Augustini
1137 707 1356 773 manifestum
1388 712 1441 773 est

317 821 356 902 (p.
383 815 455 897 138,
484 815 553 899 13):
581 815 671 880 »Hoc
694 814 751 899 (so.
774 813 854 878 finis
879 817 931 880 est
952 815 1092 879 oratoris
1110 812 1213 879 officii
1228 814 1439 899 persuadere)

318 923 396 1008 quia
426 922 460 986 in
493 920 694 987 calumniam
724 921 903 987 videbatur
933 913 1031 1006 posse
1062 919 1207 986 recidere
1239 921 1319 1006 (non
1351 921 1440 986 enim

319 1049 448 1114 semper
471 1026 651 1114 persuadet
673 1031 793 1112 orator,
817 1048 888 1110 nec,
914 1028 943 1092 si
959 1026 1138 1113 aliquando
1155 1028 1354 1112 persuadere
1371 1049 1440 1093 non

316 1137 432 1222 possit,
448 1133 646 1200 facultatem
663 1136 699 1200 et
717 1155 839 1200 nomen
857 1133 1188 1219 oratorisamittit)1)‚
1207 1132 1333 1200 addidit
1354 1133 1438 1199 Her-

406 1314 424 1384 1)
444 1313 484 1369 Cf.
505 1312 598 1379 Quint.
618 1311 698 1378 1115,
713 1313 760 1366 11:
782 1354 788 1366 .
808 1353 814 1366 .
834 1328 890 1365 non
903 1311 1057 1382 persuadet
1069 1327 1179 1381 semper
1201 1315 1303 1376 orator,
1325 1312 1439 1381 ...(12)

317 1407 346 1456 et
364 1401 424 1472 ipse
444 1401 490 1472 (sc.
511 1401 709 1472 Apollodorus)
735 1404 876 1455 oratorem
899 1401 1031 1454 fortunae
1055 1399 1165 1464 subicit,
1189 1402 1231 1464 ut,
1256 1400 1279 1454 si
1303 1417 1361 1454 non
1380 1416 1440 1471 per·

316 1491 442 1556 suaserit,
462 1507 565 1545 nomen
578 1507 661 1545 suum
673 1492 794 1544 retinere
806 1507 863 1544 non
876 1490 975 1560 possit.
1006 1488 1150 1544 Adversus
1164 1489 1238 1560 quod
1252 1488 1440 1558 Hermagoras

316 1581 372 1635 hoc
391 1581 451 1635 tere
470 1580 663 1635 consideravit
682 1579 800 1648 (Philod.
819 1578 890 1633 rhet.
911 1578 979 1642 125,
990 1577 1046 1646 35):
1066 1576 1103 1629 Ob
1120 1581 1173 1632 τοῖς
1190 1579 1312 1644 τεχνίτης,
1332 1575 1379 1630 ἐὰν
1396 1577 1441 1649 ἔχῃ

316 1672 419 1740 φρένας,
439 1666 625 1739 ἐπαγγέλλεται
642 1668 673 1720 τὸ
691 1664 765 1724 τέλος
783 1663 827 1719 διά
845 1666 945 1722 παντὸς
961 1665 1089 1732 ποιὴσειν.
1127 1665 1192 1718 oen
1210 1666 1261 1737 γάρ
1280 1666 1369 1732 ἰατρὸς
1381 1665 1440 1718 οἵτε

314 1758 468 1828 κυβερνήτης
485 1758 543 1810 ottae
560 1756 668 1824 τοξότης
686 1756 744 1810 οίπε
761 1753 837 1808 ἁπλοῖ
839 1776 851 1812 ς
868 1754 926 1807 ὅσοι
943 1755 991 1812 τάς
1009 1753 1155 1821 ἐπιστήμας
1172 1755 1201 1807 οὒ
1218 1756 1328 1824 παγίοος
1340 1755 1439 1821 ἔχουσιν

315 1845 383 1900 etta
402 1845 580 1914 στοχαστικός.
611 1846 678 1898 Ὥστ
691 1845 721 1911 ’ἢ
745 1849 790 1897 καὶ
814 1843 911 1900 ταυτας
938 1843 966 1895 οὗ
991 1843 1084 1914 ῥητέον
1103 1841 1170 1896 εἶναι
1186 1846 1277 1909 τέχνας
1294 1843 1311 1909 ἢ
1329 1848 1374 1895 καὶ
1391 1844 1440 1908 τὴν

316 1936 465 2008 ῥητορικίν.
498 1933 703 2005 Ταιαγγέλλεταί
717 1955 746 1986 τε
763 1938 809 1986 καὶ
828 1933 842 1986 ὅ
861 1933 949 2004 ῥητωρ
966 1933 997 1985 τὸ
1010 1929 1083 1989 τέλος
1091 1932 1219 1998 ποιήσειν.
1243 1932 1318 1985 ’Ἐστι
1331 1929 1355 1985 d'
1362 1931 1439 1984 αὺτοῦ

315 2026 346 2078 τὸ
365 2023 445 2088 τέλος,
464 2025 478 2078 ἲ
498 2028 572 2096 φέρει
589 2028 643 2076 τῶν
659 2023 824 2095 πραγμάτων
841 2023 859 2089 η
877 2022 958 2091 φάσις,
984 2022 1042 2075 οὔτε
1060 2020 1105 2074 διὰ
1123 2021 1222 2078 παντὸς
1243 2023 1362 2090 κείμενον
1380 2018 1440 2074 oete

314 2116 354 2184 μά
386 2116 439 2166 Δία
470 2114 539 2166 κατὰ
571 2113 601 2165 τὸ
628 2110 759 2166 πλεῖστον.
809 2113 902 2167 Verba
929 2109 988 2164 οἰιάέ
1015 2113 1053 2178 μὰ
1082 2112 1134 2164 Δία
1163 2110 1232 2164 κατὰ
1259 2110 1290 2166 τὸ
1315 2108 1440 2164 πλεῖστον

318 2208 469 2275 propterea
487 2203 585 2257 addita
603 2206 678 2267 sunt,
704 2203 779 2273 quod
798 2202 952 2256 adversarii
970 2201 1141 2255 rhetoricam
1159 2204 1250 2255 artem
1269 2217 1332 2255 esse
1350 2217 1385 2254 ne
1402 2217 1439 2254 ea

314 2293 429 2364 'quidem
454 2292 628 2356 condicione,
651 2296 686 2346 ut
708 2293 872 2362 plerumque
895 2291 931 2344 ad
955 2290 1043 2344 finem
1061 2290 1214 2360 perveniat,
1235 2289 1436 2344 concedebant.

316 2381 358 2436 Cf.
380 2381 434 2435 hos
453 2382 531 2436 locos
550 2382 585 2435 de
604 2398 638 2436 aa
656 2397 698 2436 re:

371 2488 481 2544 Philod.
509 2489 580 2544 rhet.
599 2489 690 2543 11125
715 2488 749 2542 fr.
769 2488 849 2542 le:
961 2487 1037 2540 Sext.
1054 2485 1132 2554 Emp.
1159 2484 1223 2539 adv.
1243 2485 1331 2540 math.
1351 2485 1437 2538 1113:

318 2575 418 2648 ἐλέγετο
445 2581 520 2630 πᾶσα
546 2580 622 2644 τέχνη
649 2575 783 2646 τυγχάνειν
810 2575 851 2628 άεί
907 2615 912 2628 .
939 2615 944 2628 .
971 2573 1026 2626 ἐπεὶ
1050 2577 1124 2626 πᾶσα
1148 2575 1224 2640 τέχνη
1251 2573 1310 2639 ἤτοι
1336 2573 1440 2640 ἑστηκὸς

315 2671 361 2720 τοῦ
384 2665 471 2724 τέλους
498 2667 514 2733 ἢ
538 2667 606 2719 κατά
630 2667 661 2718 τὸ
684 2663 814 2728 πλεῖστον,
834 2664 851 2730 η
905 2664 957 2730 ἔχει
980 2663 1010 2715 τὸ
1036 2661 1171 2719 adiecerat
1189 2662 1293 2732 πάγιον,
1313 2661 1347 2719 ὥς
1365 2660 1439 2731 φιλο-

316 2754 344 2810 άέ
363 2756 487 2828 ῥητορικὴ
511 2752 653 2824 μηδετέρου
671 2756 757 2824 γένους
773 2756 849 2823 μετέ·
906 2754 986 2822 σοφία
1004 2756 1049 2804 καί
1067 2750 1244 2823 γραμματικὴ,
1264 2751 1280 2817 ἢ
1299 2755 1344 2804 τοῦ
1363 2751 1397 2808 ὡς
1408 2753 1439 2804 τὸ

316 2865 379 2911 χειν.
903 2839 970 2894 πολὺ
989 2839 1118 2909 ἐχόμενον,
1142 2840 1269 2912 καθάπερ
1288 2840 1392 2912 ἰατρικὴ
1411 2861 1439 2894 τε

903 2935 948 2984 καὶ
968 2929 1145 3002 κυβερνητικὴ,
1163 2926 1247 2995 δεήσει
1265 2933 1310 2982 καὶ
1328 2930 1377 2995 τὴν
1393 2929 1438 2999 ῥη-

903 3019 1018 3089 τορικὴν,
1038 3021 1112 3091 εἰπερ
1131 3017 1185 3071 ἐστὶ
1203 3021 1287 3084 τέχνη,
1306 3017 1336 3070 τὸ
1350 3017 1440 3088 ἕτερον

902 3108 1002 3161 τούτοιν
1020 3106 1236 3178 ἐπαγγέλλεσθαι.
1254 3106 1312 3160 οὔτε
1325 3103 1353 3159 δὲ
1366 3107 1439 3173 ἑστη-

903 3199 947 3254 κὸς
976 3198 1026 3264 ἔχει
1050 3201 1107 3250 πᾶν
1130 3193 1203 3253 τέλος
1229 3192 1297 3266 (otta
1320 3195 1372 3267 γάρ
1398 3195 1439 3248 ἀεὶ

903 3289 1065 3358 περιγίνεται
1085 3290 1146 3357 περὶ
1164 3289 1210 3351 τῆς
1227 3289 1281 3338 τῶν
1299 3282 1440 3337 άντιάίκουν

904 3378 982 3443 νίκης·
1003 3373 1063 3427 ἀλλ’
1081 3374 1142 3428 ἐσθ’
1155 3374 1199 3427 ὅτε
1212 3373 1301 3446 ἕτερον
1312 3374 1362 3442 μέν
1373 3393 1439 3447 προ·

904 3467 1013 3518 τίθεται
1032 3465 1045 3516 ὃ
1065 3464 1161 3537 ῥητωρ,
1188 3463 1277 3536 ἕτερον
1296 3460 1324 3516 δέ
1349 3461 1439 3527 ἐξακο-

903 3553 1016 3607 λουθοῦν
1036 3555 1086 3621 ἕχει
1104 3552 1186 3624 τέλος)
1212 3552 1270 3606 οὔτε
1292 3556 1338 3605 τοῦ
1357 3552 1391 3609 ὡς
1408 3553 1439 3604 τὸ

904 3643 971 3696 πολὺ
1003 3642 1148 3713 ἐφιέμενον·
1183 3641 1238 3694 ἐπεὶ
1264 3645 1320 3698 ποῖς
1350 3640 1438 3714 ῥητωρ

904 3734 985 3798 ἑαυτῷ
1010 3731 1205 3804 συγκρινόμενος
1229 3729 1356 3788 πολλάκις
1374 3729 1438 3784 ἐλεί-

904 3824 963 3890 φθη
990 3818 1092 3889 μᾶλλον
1118 3820 1135 3888 ἢ
1164 3819 1285 3887 ἐνίκησεν,
1312 3819 1358 3873 dra
1390 3818 1434 3872 άιά

902 3910 1001 3967 παντὸς
1014 3910 1102 3982 ἑτέρου
1114 3910 1161 3966 τάς
1171 3908 1346 3980 ἐπιχειρηοεις,
1358 3909 1437 3962 circo&

904 3996 1060 4056 ὃιαλάοντος·
1085 3998 1130 4051 οἷοι
1153 3998 1207 4070 άρα
1230 3998 1308 4065 τέχνη
1333 3996 1403 4050 ἐπὶν
1422 3997 1434 4049 ί

903 4087 1035 4160 ῥητορικὴ.

317 4180 487 4248 Quibuscum
518 4178 588 4233 locis
616 4178 825 4233 Radermacher
849 4179 878 4232 in
903 4179 993 4249 praef.
1019 4179 1109 4249 suppl.
1132 4177 1242 4232 Philod.
1266 4177 1339 4232 rhet.
1362 4177 1439 4247 p.XI

316 4284 414 4338 parum
439 4270 571 4322 accurate
596 4267 625 4322 in
652 4267 891 4338 comparationem
910 4268 1026 4322 vocavit
1045 4284 1086 4331 ea,
1113 4283 1185 4338 quae
1204 4266 1391 4334 Quintilianus
1409 4267 1438 4319 in
