3198 5054
743 390 988 455 -114-

396 573 519 634 Αἴτιον·
543 569 663 635 Arcem
685 569 890 655 praeteriens
914 568 985 635 fles.

393 677 553 759 Συνέχαν·
577 674 653 742 Non
675 679 852 762 propterea
867 675 944 760 fleo,
961 674 1051 761 quod
1066 674 1278 761 tyrannidem
1294 673 1429 751 affecto,

466 781 525 848 sed
549 781 628 868 quia
643 781 724 848 mihi
741 803 851 848 arcem
866 781 1094 868 praetereunti
1109 782 1144 846 in
1160 784 1308 848 mentem
1324 782 1428 863 venit,

466 911 567 975 quam
584 888 690 955 multa
706 910 748 955 ex
763 889 818 955 illo
831 889 902 956 loco
915 888 1109 974 plerumque
1123 889 1278 954 accidant
1289 888 1429 956 civitati.

393 998 608 1080 Κρινόμεναν·
621 995 706 1078 lsne,
722 997 779 1083 qui
791 1017 900 1062 arcem
912 997 1118 1082 praeteriens
1130 995 1202 1079 flet,
1215 995 1430 1082 tyrannidem

466 1102 608 1168 affectet
630 1124 675 1168 an
695 1103 787 1168 non?

396 1207 520 1289 Quodsi
527 1209 563 1273 in
571 1208 734 1274 eiusmodi
747 1210 857 1274 causis
866 1209 963 1292 signa
972 1210 1110 1276 dissolvi
1118 1212 1300 1294 nequeunt,
1312 1207 1429 1274 eodem

306 1316 404 1382 modo
435 1314 509 1382 tolli
532 1316 802 1398 controversiam,
834 1337 873 1382 ao
905 1317 1082 1382 sitacium
1115 1315 1248 1382 defendi
1270 1319 1427 1401 nequeat,

305 1423 414 1509 quivis
437 1421 536 1488 facile
559 1421 731 1504 intellegit.
777 1423 892 1508 Neque
915 1423 1017 1505 igitur
1039 1423 1074 1488 in
1098 1426 1193 1490 statu
1214 1422 1429 1489 coniecturali

193 1561 195 1565 ·
306 1529 459 1616 quaestio
484 1551 502 1594 e
525 1533 700 1614 καταφάσει
723 1533 758 1596 et
781 1525 941 1614 ἀποφάσει
965 1534 1039 1596 orta
1067 1533 1102 1596 et
1129 1527 1286 1596 iudicatio
1311 1528 1429 1595 eadem

306 1641 367 1720 est,
392 1640 432 1703 nt
454 1637 591 1722 Thielio,
617 1637 673 1723 qui
696 1636 787 1702 illam
812 1641 941 1703 statum
964 1637 1113 1720 intellegi
1136 1637 1247 1723 vult,¹)
1273 1637 1430 1702 assentiri

305 1765 372 1810 non
396 1744 572 1830 possimus,
597 1746 833 1829 praeterquam
849 1744 938 1829 quod
954 1745 1025 1810 eins
1042 1745 1213 1810 sententia
1227 1743 1430 1810 testimoniis

306 1872 407 1937 supra
431 1851 542 1916 allatis
573 1854 746 1936 repugnat.
793 1853 904 1937 Atque
937 1852 1070 1917 etiamsi
1101 1851 1351 1918 constitutionis
1374 1849 1430 1916 vel

306 1960 417 2024 status
433 1957 657 2037 definitiones
681 1977 766 2043 quas
782 1958 1002 2041 Augustinus
1022 1958 1142 2042 dicem,
1161 1961 1278 2025 auctor
1293 1956 1337 2024 ad
1352 1955 1429 2022 Her.

306 2064 503 2148 exhibent‘l)
527 2063 645 2129 Thielii
665 2065 854 2130 sententiae
879 2064 1106 2132 obsecundare
1123 2063 1288 2149 videntur,
1313 2067 1429 2131 tamen

306 2171 485 2257 explicatio
522 2192 543 2235 a
578 2191 631 2236 me
667 2173 837 2256 proposita
872 2193 1087 2258 nequaquam
1122 2172 1265 2258 perverti
1298 2173 1429 2256 potest;

305 2298 451 2364 namque
475 2277 648 2343 notionem
662 2278 875 2344 iudicationis
898 2279 997 2364 plane
1017 2299 1197 2362 congruere
1214 2281 1325 2344 status
1343 2276 1429 2344 defi-

306 2384 424 2450 nitioni
456 2383 700 2468 Hermagoreae
734 2385 901 2451 evicimus
951 2387 1091 2472 Insuper
1121 2386 1343 2470 reputandum
1377 2390 1430 2450 est

306 2493 417 2557 status
440 2491 646 2578 principales,
670 2492 735 2558 nisi
757 2497 854 2558 αἴτιον
881 2494 915 2558 et
938 2497 1071 2576 συνέχον
1098 2494 1360 2579 praecesserunt,
1386 2490 1430 2556 ad

306 2598 610 2682 argumentandum
640 2603 815 2685 tamquam
846 2599 982 2686 ansasl)
1013 2621 1082 2664 non
1113 2599 1192 2665 dare
1224 2620 1332 2685 neque
1361 2599 1429 2665 ullo

305 2705 403 2772 modo
417 2705 459 2772 ad
476 2704 626 2771 diversas
639 2706 854 2792 quaestiones
868 2705 1024 2792 qualitati
1035 2705 1210 2772 iuridiciali
1226 2707 1428 2792 suppositas

307 2834 393 2898 quae
416 2833 537 2898 nempe
566 2812 628 2877 sub
653 2813 824 2878 notionem
853 2816 964 2880 status
988 2814 1124 2896 cadunt,
1153 2813 1318 2900 perveniri
1340 2817 1431 2896 αἰτίῳ

307 2923 342 2985 et
364 2923 524 3002 αανέχαντι
547 2941 614 2986 non
640 2919 841 3006 subiectis34)
866 2924 905 2987 ut
929 2920 1124 2987 omittamus
1147 2921 1292 3006 reliquas
1315 2923 1430 3006 partes

307 3025 490 3113 qualitatis,
508 3047 592 3112 quas
603 3026 826 3110 Hermagoras
843 3028 1027 3093 secundum
1039 3027 1229 3094 Ciceronem
1247 3030 1281 3094 et
1297 3027 1429 3107 Quinti-

305 3133 433 3198 lianum
465 3132 657 3199 distinxisse
690 3134 819 3209 dicitnr,
853 3135 888 3199 in
920 3136 1181 3201 controversiam
1216 3133 1430 3200 deducendas

307 3243 342 3305 et
357 3240 573 3325 quaestiones
589 3240 722 3326 legales
741 3263 826 3326 quas
843 3243 955 3307 status
971 3242 1083 3308 vocari
1102 3241 1216 3307 Thiele
1233 3263 1302 3307 non
1318 3240 1429 3328 vult.⁶)

396 3421 414 3485 ²l
434 3418 450 3471 l.
471 3418 516 3472 all.
536 3435 563 3488 p.
577 3418 620 3472 49.

396 3505 414 3574 ²)
434 3507 506 3575 Aug.
519 3525 546 3578 p.
563 3506 673 3571 144,11,
687 3507 719 3561 17
727 3524 733 3574 ;
759 3507 813 3562 Cic.
828 3507 862 3562 de
875 3507 991 3573 inulti,
1004 3508 1050 3574 103
1075 3511 1159 3563 Auct.
1173 3509 1210 3562 ad
1222 3508 1285 3562 Her.
1299 3507 1319 3561 I.
1332 3506 1373 3572 ll,
1387 3507 1429 3562 18.

395 3595 415 3664 ⁸)
434 3595 475 3649 Cf.
494 3597 611 3650 verbum
630 3592 884 3664 ἀντιλαμβάνεσθαι,
910 3598 984 3668 quod
1007 3598 1036 3651 in
1056 3597 1244 3666 Hermagorae
1263 3595 1431 3651 definitione

305 3688 399 3740 status
417 3685 587 3740 invenimus.
625 3685 696 3740 Rem
722 3687 879 3741 subiectam
903 3687 984 3757 quasi
1009 3687 1183 3756 apprehendi
1209 3703 1267 3742 non
1285 3701 1378 3756 posse,
1404 3686 1430 3739 si

305 3774 375 3828 nihil
393 3773 445 3828 nisi
465 3774 537 3829 liaeo
556 3775 611 3828 duo
630 3775 778 3845 proposita
796 3779 878 3831 sunt:
899 3776 987 3840 ,Istud
1005 3775 1117 3830 lacinus
1136 3775 1318 3830 commisisti!
1357 3773 1429 3838 ,Non

305 3863 448 3920 commisi!
468 3867 518 3917 aut
532 3865 603 3929 ‚Iure
616 3863 696 3929 facist,
712 3865 845 3936 quoniam
857 3865 897 3918 sic
909 3864 979 3918 nihil
991 3865 1136 3929 habemus,
1150 3865 1227 3935 quod
1238 3864 1267 3918 in
1279 3866 1431 3935 utramque

305 3955 417 4023 partem
434 3952 568 4020 dicamus,
589 3956 719 4023 apertum
738 3956 789 4008 est.

394 4041 413 4109 ⁴)
432 4041 503 4094 Vide
527 4043 656 4111 exempla
683 4060 700 4096 a
719 4043 853 4096 Cicerone
877 4042 905 4096 in
930 4041 1000 4096 libro
1020 4042 1055 4097 de
1073 4042 1238 4097 inventione
1256 4043 1346 4098 altero
1366 4058 1430 4112 pro-

304 4130 365 4186 lata
384 4129 435 4200 (23,
446 4129 495 4196 703
514 4129 557 4194 24,
568 4130 617 4196 73;
637 4130 679 4196 26,
691 4130 740 4197 797.
759 4131 848 4195 aaa?
857 4148 862 4197 ;
882 4130 985 4196 30‚92;
1005 4131 1158 4198 31‚95‚97;
1178 4131 1283 4201 3298).

394 4218 413 4287 ⁵)
434 4218 450 4271 1.
470 4218 516 4272 all.
535 4236 561 4288 p.
574 4219 618 4272 79.
