3224 5044
630 431 853 495 -69-

180 628 322 694 quarum
345 608 453 673 altera
467 610 538 691 περὶ
554 610 754 692 σημαίνοντα,
779 607 885 672 altere
900 610 972 691 περὶ
988 610 1204 692 σημαινόμενα
1221 610 1302 689 orat,

180 715 394 781 distributam
418 735 491 780 esse
509 713 642 780 aliunde
659 715 849 797 novimus.1)
881 715 1060 780 Praeterea
1084 714 1304 800 spectandum

180 825 234 888 est
255 822 289 888 id
305 820 480 887 discrimen
496 829 552 886 τοῦ
567 823 767 905 κρινομένου,
793 819 833 886 de
850 841 915 907 quo
932 822 1072 906 agimus,
1098 820 1305 887 distinctioni

178 937 234 994 τοῦ
258 931 470 1012 ὑποκειμένου
495 931 610 993 ἀποίου
635 933 670 992 et
692 935 795 1002 ποιοῦ,
820 951 841 994 a
860 949 929 1014 qua
944 927 1046 994 Stoici
1061 929 1303 1010 categoriarum

178 1035 332 1101 tabulam
356 1035 607 1121 exordinatum)
631 1036 840 1121 respondere,
873 1056 960 1121 quae
992 1035 1173 1102 similitudo
1197 1056 1239 1100 ex
1263 1056 1302 1100 eo

179 1141 298 1226 elucet,
335 1143 423 1228 quod
454 1141 624 1228 quaelibet
653 1164 716 1226 res,
753 1162 818 1228 quo
854 1142 966 1208 minus
1001 1142 1073 1208 eius
1104 1141 1303 1228 qualitatem

179 1250 393 1335 concipimus
420 1270 458 1314 eo
476 1249 644 1314 obscurior
659 1249 755 1315 nobis
780 1251 840 1331 est,
865 1269 930 1334 quo
954 1250 1069 1332 magis,
1094 1270 1132 1314 ec
1150 1249 1302 1335 apertior.

179 1355 418 1422 Coniecturalis
450 1356 551 1439 igitur
582 1356 787 1440 constitutiO,
818 1358 854 1420 τὸ
885 1358 1074 1440 κρινόμενον
1105 1358 1225 1440 ἀφανὲς
1248 1355 1303 1421 vel

178 1465 299 1548 ἀδήλου
322 1465 507 1547 πράγματος
524 1465 649 1546 ἔλεγχος
669 1463 864 1547 οὐσιώόης,3)
889 1466 924 1528 ct
938 1463 1044 1549 prima
1060 1463 1301 1545 categoriarum

179 1570 379 1652 Stoicarum,
411 1573 430 1654 η
463 1573 575 1641 ἄποιος
605 1573 673 1654 ὕλη,
708 1570 795 1636 inter
829 1591 865 1636 se
901 1571 1113 1636 conveniunt.
1159 1568 1301 1636 Omnino

178 1682 294 1742 autem
316 1675 375 1742 illa
398 1697 521 1758 genera
553 1677 729 1742 notionum
752 1676 795 1742 ad
827 1679 980 1742 statuum
1003 1677 1188 1742 doctrinam
1220 1697 1301 1742 con-

178 1782 321 1849 dendam
345 1783 546 1870 pertinuisse
578 1786 612 1848 et
634 1804 693 1868 per
721 1805 757 1848 se
788 1785 822 1848 in
854 1783 967 1848 multis
991 1783 1158 1869 variisque
1191 1784 1301 1858 causis

178 1891 221 1956 ad
245 1911 438 1956 communes
462 1911 611 1956 summas
634 1889 846 1956 revolvendis
868 1890 1039 1976 probabile
1068 1893 1120 1956 est
1144 1893 1179 1956 et
1203 1890 1302 1971 Quin-

178 1997 315 2062 tilianus
355 2019 393 2064 eo
428 1997 500 2063 luco
535 1997 757 2063 institutionis
793 1998 990 2085 oratoriae4)
1026 1997 1203 2081 significat,
1244 1997 1302 2062 ubi

178 2105 383 2190 quaestione,
406 2105 496 2170 unde
520 2107 631 2170 status
655 2103 806 2188 ducatur,
831 2105 895 2171 sibi
917 2105 1088 2191 proposita
1111 2102 1301 2169 Aristotelis

178 2210 292 2277 decem
323 2213 507 2294 categorias
539 2215 715 2277 enumerat
745 2213 914 2278 mentione
937 2211 1050 2277 Plauti
1074 2210 1176 2277 Stoici
1198 2210 1300 2277 facta.

177 2317 295 2404 Itaque
319 2319 514 2402 praesertim
538 2339 623 2402 cum,
648 2322 687 2384 ut
711 2317 814 2384 Stoici
837 2322 998 2404 quattuor
1021 2320 1207 2401 categorias
1231 2317 1300 2384 dis-

177 2424 358 2508 tinxerunt,
382 2425 432 2490 ita
450 2424 672 2508 Hermagoras
686 2427 856 2511 quattuor
879 2425 1095 2510 quaestiones
1118 2424 1300 2491 rationales

177 2532 374 2597 discrevisse
397 2532 559 2615 tradatur,
592 2553 651 2598 eas
682 2553 756 2598 cum
788 2531 852 2596 illis
885 2531 1034 2598 conferre
1065 2552 1134 2597 non
1158 2552 1231 2597 esse
1256 2531 1299 2597 ab

176 2659 211 2703 rc
235 2639 344 2725 quivis
367 2638 567 2726 intellegit.)

267 2763 333 2829 Sed
348 2785 525 2851 pergamus
541 2766 576 2829 in
592 2763 883 2830 distributionibus
899 2763 1115 2830 excutiendis
1148 2763 1300 2828 Alteram

177 2893 310 2958 quoque
337 2872 562 2957 partitionem,
595 2894 662 2958 qua
686 2892 808 2937 causae
832 2871 1048 2957 imperfectae
1073 2876 1107 2936 et
1130 2870 1298 2956 perfectae

175 2979 457 3064 internoscuntur‚
490 2977 719 3045 eStoicorum
750 2978 901 3044 doctrina
933 2980 1103 3064 sumptam
1134 2999 1208 3043 esse
1240 2998 1298 3063 pro

267 3195 284 3257 ι)
304 3193 385 3262 Diog.
404 3193 434 3246 b.
455 3191 503 3245 VII
515 3193 563 3246 62:
583 3191 700 3261 τυγχάνει
719 3189 816 3258 δἀἱῦτη
827 3192 875 3260 isc.
889 3187 1054 3260 διαλεκτική),
1068 3189 1102 3246 ὡς
1114 3189 1128 3242 ὅ
1141 3188 1299 3260 Χρίσιππός

175 3301 246 3350 φησι,
270 3284 332 3351 περὶ
357 3282 519 3350 σημαίνοντα
541 3284 586 3333 καὶ
611 3279 798 3350 σημαινόμενα.
836 3279 877 3335 Cf.
896 3280 961 3335 ibid.
982 3277 1056 3351 ξ43.
1095 3279 1159 3334 Son.
1185 3295 1227 3349 ep.
1254 3279 1298 3334 89.

175 3372 251 3439 (Arn.
269 3369 303 3425 ir.
323 3370 408 3425 Sicic.
428 3388 454 3425 v.
474 3371 499 3424 ΙΙ
511 3389 538 3426 n.
555 3370 613 3440 122)
650 3371 721 3424 Vide
747 3373 895 3440 praeterea
913 3369 998 3424 Clem.
1018 3369 1096 3424 Alex.
1117 3372 1213 3424 strom.
1233 3368 1298 3424 Vlll

174 3459 597 3530 e‚32v01.111p.3761)ind.
624 3459 691 3528 (lnd.
717 3460 780 3513 lect.
809 3459 890 3514 Rost.
912 3458 993 3514 1894:
1021 3458 1053 3514 H.
1073 3459 1108 3512 de
1126 3459 1231 3521 Arnim,
1256 3458 1298 3512 De

175 3551 280 3603 octavo
305 3549 389 3604 Clem.
409 3550 544 3603 Stromat.
568 3549 665 3617 libro).
705 3548 834 3618 Epicurei
852 3547 964 3618 quidem
984 3564 1096 3620 quoque
1121 3551 1151 3602 et
1169 3547 1244 3602 hanc
1269 3542 1299 3601 et

174 3637 252 3691 illam
277 3637 459 3708 partitionem
483 3638 662 3708 protulerunt
686 3637 721 3707 (v.
739 3637 821 3706 Diog.
841 3637 872 3691 L.
892 3636 965 3691 Χ32
982 3636 1016 3691 fr.
1035 3635 1071 3690 36
1089 3636 1154 3701 Us.;
1179 3636 1244 3692 ibid.
1263 3637 1299 3690 34

174 3743 201 3796 p.
220 3725 274 3780 372
292 3727 359 3796 Ua).
395 3727 493 3798 Neque
516 3730 613 3781 autem
636 3727 690 3781 hoc
714 3729 757 3780 est
783 3726 891 3789 mirum,
917 3725 1001 3796 quod,
1027 3724 1154 3796 quamvis
1177 3724 1251 3778 inter
1268 3741 1298 3778 se

175 3815 366 3882 dissenserint,
387 3818 483 3870 tamen
503 3817 641 3888 quasdam
653 3815 811 3870 sententias
824 3815 938 3885 utrique
950 3817 1047 3869 sectae
1060 3829 1223 3868 communes
1236 3829 1298 3867 esse

174 3905 280 3959 scimus
299 3905 334 3975 (v.
354 3906 438 3960 Usen.
456 3905 567 3976 Epicur.
586 3904 675 3975 praef.
694 3922 721 3975 p.
734 3903 807 3958 LVII
826 3904 890 3958 adn.
912 3904 943 3973 1).

264 3994 284 4063 ⁹)
302 3995 420 4048 Prantlii
438 3995 504 4050 bist.
524 3996 579 4065 log.
599 3992 685 4048 1430.
722 3993 788 4048 Arn.
807 3993 840 4046 fr.
861 3992 948 4048 Stoic.
968 4009 994 4047 v.
1015 3991 1039 4045 ll
1052 4008 1078 4047 n.
1092 3991 1153 4046 374.

264 4082 283 4151 ³)
303 4083 395 4138 Herm.
415 4084 462 4153 Sp.
483 4084 508 4137 ll
525 4083 583 4148 138,
597 4083 637 4137 12.

263 4171 476 4244 tfflbffim

264 4262 283 4330 ll
304 4261 403 4316 Thielii
422 4262 553 4332 Hermag.
573 4279 599 4332 p.
611 4262 654 4318 47.
