3224 5044
762 419 985 484 „42-

313 604 429 675 δέντες,
453 601 520 665 οἷον
542 601 677 682 πότερον
705 599 836 664 ἐκλείπει
867 599 995 680 άῆλιος
1018 601 1037 680 ἢ
1062 599 1111 670 οὔ,
1141 596 1176 660 τδ
1205 597 1251 660 ὅτι
1279 599 1432 680 ζητοῦμεν

314 708 344 792 (i.
363 707 542 772 amodum
567 703 699 770 essendi
715 703 770 770 vel
793 703 915 788 agendi
938 704 1128 789 quaerimus
1152 703 1233 784 sive,
1258 701 1366 788 qualis
1390 700 1433 766 sit

312 814 380 899 res)
403 816 466 878 κτλ.

401 920 502 985 Porro
526 919 750 1001 Hermagoras
774 939 849 984 cum
874 917 918 983 ad
941 920 1069 983 statum
1094 915 1366 982 constituendum
1390 915 1432 982 ab

314 1027 540 1095 affirmatione
564 1029 598 1092 et
621 1025 800 1108 negatione
824 1024 1053 1110 proficiscitur,
1079 1022 1268 1090 Aristotelis
1289 1021 1433 1104 vestigia

315 1135 466 1220 sequitur
490 1154 595 1219 eaque
623 1154 659 1196 re
682 1133 763 1197 item
788 1135 890 1217 atque
913 1131 968 1197 hic
990 1131 1188 1198 rhetoricam
1212 1151 1288 1196 cum
1312 1128 1432 1194 dialec-

313 1243 381 1306 tica
409 1241 587 1306 consociat.
633 1238 717 1304 Vide
745 1239 845 1304 Arist.
870 1238 953 1304 rhet.
977 1240 1008 1302 A
1035 1239 1050 1303 l
1081 1259 1111 1323 p.
1138 1238 1222 1302 1355
1232 1258 1261 1322 a,
1276 1237 1335 1302 33:
1370 1243 1433 1300 τῶν

312 1350 372 1433 μὲν
403 1347 461 1412 οὗν
488 1349 593 1412 ἀλλων
620 1353 739 1430 τεχνῶν
770 1347 902 1430 οὐδεμία
933 1348 1076 1411 τάναντία
1108 1347 1324 1428 συλλογίζεται,
1355 1347 1375 1427 ἡ
1400 1345 1434 1408 δὲ

315 1456 488 1538 διαλεκτικὴ
513 1456 567 1518 καὶ
590 1457 609 1537 ἡ
634 1454 784 1538 ῥητορικὴ
808 1455 904 1535 μόναι
931 1461 1023 1518 τοῦτο
1046 1460 1197 1518 ποιοῦσιν·
1230 1454 1352 1534 ὁμοίως
1375 1453 1435 1534 γάρ

314 1566 388 1627 εἰσιν
411 1563 588 1646 ἀμφότεραι
610 1568 676 1625 τῶν
699 1563 855 1626 ἐναντίων.
901 1559 973 1625 Hoc
996 1562 1112 1625 aulem
1142 1558 1213 1624 loco
1237 1578 1356 1644 parum
1380 1579 1434 1622 ac-

315 1672 429 1734 curate
452 1689 520 1734 vox
543 1671 664 1733 ἐναντία
688 1669 852 1752 usurpata
875 1669 935 1749 est,
969 1665 1058 1753 quod
1086 1687 1154 1731 non
1182 1663 1433 1731 contradictorie

317 1776 472 1861 opposita
507 1777 727 1858 (conponendis
758 1777 980 1857 ἀντικείμενα),
1011 1773 1046 1838 in
1077 1773 1197 1858 quibus
1230 1771 1307 1837 illae
1338 1771 1435 1836 disci-

314 1883 425 1969 plinae
436 1886 622 1963 versantur,
636 1881 696 1946 sed
705 1881 867 1947 contrarie
880 1881 1065 1966 Opposita1)
1076 1880 1248 1962 significat.
1258 1881 1433 1962 ’ἀντίφασιν

314 1990 473 2073 Stagirita
495 1989 545 2052 ita
569 1986 726 2074 explicuit
749 1986 1019 2072 (anal.post.12
1039 2009 1068 2073 p.
1082 1987 1164 2068 raa,
1181 1987 1250 2074 12):
1275 1989 1434 2069 ἀντίφασις

315 2099 349 2161 δὲ
382 2099 535 2165 ἀντίδεσις
566 2095 604 2178 ἧς
634 2097 694 2159 αάκ
723 2098 784 2159 ἔστι
812 2095 930 2177 μεταξὺ
953 2097 1143 2178 καθἀὑτήν.
1174 2096 1289 2177 μόριον
1320 2095 1433 2158 δ’ἀντι-

317 2207 447 2287 φάσεως
477 2204 512 2266 τὸ
539 2203 598 2285 μὲν
625 2203 652 2265 τί
679 2205 758 2266 κατά
781 2227 863 2273 τινος
885 2204 1069 2284 κατάφασις,
1100 2202 1135 2265 τδ
1160 2203 1194 2265 δὲ
1217 2203 1244 2264 τί
1267 2202 1435 2270 ἀπότινος

316 2311 484 2393 ἀπόφασις.
532 2307 579 2374 Cf.
606 2308 691 2391 Aug.
721 2330 751 2394 p.
787 2308 858 2389 143,
879 2309 922 2374 25
955 2330 1001 2394 sq.
1055 2309 1125 2373 lam
1157 2308 1239 2372 artis
1270 2306 1435 2373 vocabula

314 2408 417 2482 αἰτίου
430 2420 464 2481 et
485 2419 670 2500 συνέχοντος
692 2415 964 2501 philosophorum
988 2437 1085 2481 usum
1108 2413 1265 2500 loquendi
1287 2412 1434 2480 redolere

314 2525 481 2588 neminem
516 2523 683 2608 praeterit.
745 2522 811 2588 Sed
850 2544 925 2588 oum
959 2526 1055 2587 αἴτιον
1094 2522 1184 2608 apud
1219 2519 1434 2586 Aristotelem

315 2631 537 2716 compluribus
572 2629 652 2695 locis
687 2630 888 2710 inveniatur,
925 2633 1058 2713 συνέχον
1093 2627 1306 2694 desideratur.
1363 2626 1435 2692 Hoc

315 2739 396 2802 artis
421 2736 621 2802 vocabulum
651 2757 672 2800 a
700 2735 830 2818 Stoicis
862 2741 901 2802 ut
931 2737 1018 2802 inira
1048 2735 1244 2818 videbimus,
1276 2734 1434 2817 originem

315 2843 483 2929 accepisse
506 2840 646 2907 videtur.

404 2966 582 3032 Praeterea
605 2967 638 3032 id
662 2972 885 3053 praeceptum,
914 2989 979 3053 quo
1005 2972 1124 3050 orator,
1155 2965 1436 3054 quemadmodum

315 3073 486 3140 auditores
519 3074 555 3139 in
590 3096 626 3140 se
661 3075 802 3140 animati
837 3075 918 3159 sint,
958 3075 1119 3160 respicere
1158 3075 1305 3157 iubetur,
1345 3072 1436 3161 apud

316 3181 510 3265 Stagiritam
542 3203 609 3247 non
639 3180 756 3247 deesse
784 3203 842 3268 per
873 3203 908 3246 se
932 3182 1108 3248 verisimile
1138 3186 1197 3249 est,
1243 3181 1328 3246 Vide
1351 3180 1435 3246 rhet.

314 3292 345 3353 B
371 3290 386 3353 1
413 3311 442 3374 p.
462 3289 547 3357 1377
557 3289 587 3371 b,
602 3290 660 3354 21:
707 3291 773 3353 ἐπεὶ
801 3291 835 3353 δὲ
858 3292 950 3353 ἕνεκα
978 3293 1114 3372 κρίσεώς
1137 3293 1216 3354 ἔστιν
1239 3293 1258 3372 ἡ
1283 3291 1434 3374 ῥητορική

317 3397 382 3478 (καὶ
414 3397 474 3478 γὰρ
505 3397 560 3466 τάς
591 3397 774 3478 συμβουλάς
804 3399 946 3480 κρίνουσι
973 3399 1026 3460 καί
1053 3400 1073 3479 ἡ
1104 3398 1174 3480 δίκη
1204 3400 1302 3480 κρίσις
1332 3396 1435 3478 ἐστίν),

316 3504 437 3585 ἀνάγκη
461 3503 507 3586 μὴ
539 3504 640 3584 μόνον
667 3504 749 3585 πρὸς
775 3504 830 3569 τάν
857 3505 952 3586 λόγον
980 3505 1067 3587 ὁρᾶν,
1101 3506 1191 3574 ὅπως
1219 3503 1436 3574 ἀποδεικτικὰς

316 3612 398 3674 ἔσται
421 3611 474 3673 καί
497 3611 612 3683 πιστός,
644 3611 720 3674 ἀλλὰ
752 3612 805 3674 καί
835 3612 931 3676 αὑτὸν
953 3612 1046 3674 ποιάν
1073 3636 1139 3675 τινα
1166 3613 1219 3674 καί
1246 3611 1300 3674 τὸν
1327 3611 1438 3692 κριτὴν

313 3719 565 3790 κατασκευάζειν·
598 3718 679 3780 πολὺ
710 3718 771 3800 γὰρ
803 3719 944 3800 διαφέρει
972 3719 1053 3800 πρὸς
1075 3720 1183 3791 πίστιν,
1214 3719 1345 3799 μάλιστα
1376 3717 1435 3798 μὲν

315 3826 348 3888 ἓν
370 3832 436 3898 ταῖς
459 3826 661 3907 συμβουλαῖς,
686 3825 748 3889 εἶτα
772 3827 825 3888 καὶ
853 3828 886 3888 ἒν
909 3832 974 3894 ταῖς
998 3826 1106 3897 δίκαις,
1134 3827 1169 3888 τά
1196 3851 1228 3888 τε
1250 3825 1342 3888 ποιόν
1369 3847 1435 3886 τινα

407 4073 426 4141 ¹)
446 4071 604 4141 metaphys.
624 4071 649 4123 V
661 4072 702 4140 (A)
718 4071 752 4126 10
770 4089 795 4142 p.
812 4071 911 4136 1018a‚
923 4073 971 4127 25:
992 4073 1098 4124 ἐναντία
1116 4070 1218 4141 λέγεται
1236 4071 1269 4124 τά
1288 4091 1316 4124 τε
1334 4071 1371 4138 μὴ
1391 4068 1432 4122 δυ·

314 4161 382 4214 νατὰ
402 4159 459 4229 ἅμα
477 4163 514 4226 τῷ
533 4159 601 4224 αἰνῷ
619 4163 745 4231 παρεῖναι
761 4165 815 4214 τῶν
834 4158 1011 4233 διαφερόντων
1029 4162 1097 4214 κατὰ
1115 4165 1187 4232 γένος
1204 4166 1249 4214 καὶ
1267 4162 1301 4213 τὰ
1312 4159 1435 4214 πλεῖστον
1492 4225 1494 4230 Ι

315 4246 477 4321 διαφέροντα
495 4252 548 4300 τῶν
567 4246 595 4300 ἓν
612 4253 649 4314 τῷ
668 4248 737 4314 αἰετῷ
755 4252 830 4319 γένει.
