3224 5044
781 451 983 518 ...6-

320 629 409 716 apud
424 630 625 716 posteriores
641 650 710 696 non
725 629 833 696 solum
848 629 1009 714 rhetores,
1034 628 1093 696 sed
1109 630 1212 696 etiam
1227 629 1442 718 philosophos

318 735 422 803 fuerit
437 736 683 907 summapsAt
698 736 951 819 Hermogenem,
977 736 1066 823 quod
1082 736 1215 824 quidem
1231 737 1275 804 ad
1290 740 1444 804 statuum

320 841 507 910 doctrinam
530 845 582 909 att
595 845 661 924 net,
685 864 728 908 ox
743 843 852 909 alieno
874 842 1073 929 praedatum
1098 865 1171 910 esse
1189 865 1230 910 ex
1246 845 1298 911 his
1313 845 1442 911 indiciis

321 951 468 1016 conicere
498 971 688 1036 possumus.
737 949 886 1015 Primum
916 971 1035 1037 parum
1062 949 1240 1018 verisimile
1272 955 1325 1018 est
1355 973 1441 1036 eum,

321 1056 475 1143 quamvis
498 1058 666 1144 praeconis
689 1057 813 1141 ingenii
837 1059 936 1139 esset,
961 1058 1193 1124 maturitatem
1209 1058 1333 1124 aetatis
1357 1080 1443 1124 non·

321 1162 400 1228 dum
423 1166 617 1230 assecutum
627 1163 650 1251 ²)
679 1163 837 1230 subtilem
866 1163 1123 1251 explicationem
1146 1167 1298 1230 statuum
1323 1169 1442 1251 suopte

319 1270 452 1354 iugenio
477 1269 668 1338 confecisse.
699 1271 826 1337 Deinde
851 1270 1128 1338 considerandum
1152 1275 1214 1355 est,
1239 1293 1443 1359 quamquam

319 1377 354 1442 in
379 1376 513 1443 exordio
537 1377 705 1462 librorum,
731 1379 787 1463 qui
811 1381 891 1444 sunt
906 1380 977 1462 περί
993 1381 1097 1453 ἰδεῶν,
1122 1377 1247 1464 aliquid
1262 1381 1297 1444 in
1313 1380 1442 1460 genori-

319 1483 384 1549 bus
409 1483 538 1550 dicendi
561 1484 732 1570 perspicue
757 1486 978 1571 accurateque
1002 1484 1188 1568 digerendis
1218 1506 1254 1550 se
1278 1482 1440 1570 effecisse,

321 1590 411 1676 quod
441 1590 591 1657 nondum
623 1593 800 1678 quisquam
831 1592 991 1678 priorum,
1024 1592 1231 1678 gloriatur,⁸)
1263 1594 1378 1659 tamen
1408 1593 1443 1658 in

320 1697 440 1780 libello,
465 1698 522 1784 qui
546 1699 599 1763 est
622 1696 663 1763 de
688 1697 844 1782 statibus,
870 1698 991 1764 similia
1014 1699 1119 1766 verba
1141 1719 1310 1784 nusquam
1333 1719 1442 1764 occur·

319 1823 399 1871 rere.
430 1803 506 1870 Jam
532 1825 607 1870 cum
631 1805 815 1891 complures
840 1805 896 1871 alii
918 1805 982 1872 loci
1005 1807 1058 1871 sui
1081 1805 1352 1872 aestimationem
1374 1827 1443 1871 non

320 1909 419 1979 modo
454 1911 595 1994 iustam,
631 1932 747 1977 verum
784 1912 885 1978 etiam
925 1912 1138 1978 immodicam
1172 1915 1273 1998 atque
1307 1912 1443 1977 inanem

320 2017 501 2104 prodant,⁴)
525 2039 594 2084 non
618 2017 821 2101 dubitamus,
847 2019 985 2105 quinio
1010 2019 1156 2084 statibus
1174 2018 1389 2105 exponendis
1415 2019 1444 2084 si

412 2231 430 2300 ²)
450 2231 583 2286 Philostr.
597 2231 647 2286 vit.
661 2232 741 2302 soph.
760 2233 785 2288 H
803 2232 834 2287 7:
851 2231 1005 2303 Ἑρμογένης
1024 2229 1060 2296 δέ,
1080 2231 1110 2284 δν
1133 2231 1233 2302 Τάρσος
1245 2231 1362 2302 ἤνεγκαν,
1381 2251 1443 2298 πεν-

320 2316 458 2374 τεκαίδεκα
477 2320 521 2387 ἔτη
539 2320 648 2390 γεγονὼς
666 2318 702 2388 ἐῷ
727 2319 793 2373 οάτω
810 2323 879 2391 μέγα
895 2320 999 2394 προάβη
1016 2324 1062 2388 τῆς
1080 2324 1134 2374 τῶν
1152 2324 1283 2390 σοφιστῶν
1302 2317 1385 2387 δάξης,
1410 2320 1444 2377 ὡς

320 2413 366 2462 καὶ
390 2407 493 2479 Μάρκῳ
518 2406 622 2479 βασιλεῖ
643 2410 789 2483 παρασχεῖν
814 2409 898 2480 ἔρωτα
924 2409 1080 2480 ἀκροάσεως.
1125 2411 1235 2482 Syriani
1258 2411 1287 2464 in
1312 2411 1442 2480 Hermog.

321 2515 419 2554 comm.
439 2500 494 2554 Vol.
513 2499 525 2553 Ι
543 2499 598 2571 p.1
620 2499 712 2554 Raba:
732 2497 854 2551 Ἅπαντα
871 2498 921 2568 μὲν
940 2495 1030 2566 σχεδὸν
1048 2497 1097 2551 ὅσα
1114 2519 1142 2568 γε
1167 2499 1202 2555 είς
1226 2497 1295 2566 ημᾶς
1319 2497 1375 2564 ἥκει
1397 2501 1443 2551 τοῦ

320 2586 496 2660 τεχνογράφου
510 2587 678 2658 Ἑρμογένους
697 2587 888 2658 συγγράμματα
904 2587 1049 2656 θαυμαστά
1062 2607 1091 2640 τε
1103 2592 1148 2639 καί
1160 2585 1296 2653 πολιτικῆς
1308 2587 1445 2656 ἀνάμεστα

322 2675 468 2747 φρονήσεως
485 2675 597 2747 υπάρχει
614 2709 648 2718 -
669 2681 736 2745 φημί
762 2673 790 2730 δέ
817 2677 847 2729 τὸ
866 2680 999 2749 περὶτῶν
1017 2675 1132 2729 στάσεων
1150 2676 1228 2730 αἰτοῦ
1247 2676 1409 2748 σίγγραμμα,
1429 2675 1443 2729 ὃ

322 2762 354 2831 δὴ
373 2763 469 2819 πολλοί
486 2785 514 2835 γε
541 2769 587 2818 καί
614 2763 691 2819 ἄλλοι
721 2769 853 2835 σοφιστῶν
882 2785 911 2820 τε
935 2769 981 2818 καὶ
1002 2769 1054 2818 τῶν
1084 2763 1264 2819 Πλατωνικῶν
1294 2763 1445 2834 φιλοσόφων

320 2854 546 2922 ὑπομνηματίζειν
564 2854 609 2908 οἰκ
633 2853 794 2922 ἀπηξίωσαν,
819 2854 849 2908 τά
872 2875 900 2908 τε
918 2859 980 2925 περὶ
997 2851 1115 2923 μεθόδου
1134 2851 1278 2922 δεινότητος
1295 2859 1340 2908 καὶ
1357 2854 1391 2907 τὰ
1410 2849 1445 2911 εἰς

321 2943 380 3000 τοὺς
398 2940 535 3010 δημοσίους
552 2943 738 3013 άπομνίματα,
758 2938 794 2998 ὧν
812 2949 857 2996 καὶ
876 2943 952 3000 αίιτὸς
963 2944 1080 2996 ποιεῖται
1090 2943 1196 3012 μνίγμην
1208 2976 1250 3007 -,
1270 2941 1445 3016 διαφερόντως

322 3029 351 3085 δέ
368 3035 421 3085 τῶν
439 3029 526 3086 ἄλλων
543 3033 574 3085 τὸ
592 3037 654 3105 περὶ
673 3030 749 3086 ἰδεῶν
774 3033 852 3086 aizoi
871 3032 1004 3103 σάνταγμα
1023 3033 1173 3100 θαυμάζειν
1191 3033 1267 3097 άξιον
1285 3032 1318 3088 ὡς
1336 3031 1446 3103 άριστάν

321 3141 350 3174 τε
372 3126 417 3174 καί
440 3122 629 3189 τεχνικώτατον
651 3127 696 3175 καί
722 3126 767 3189 τῆς
791 3120 949 3189 τελεωτάτης
973 3125 1019 3175 καὶ
1041 3127 1157 3193 κριτικῆς
1180 3127 1241 3194 περὶ
1264 3119 1352 3191 λόγους
1370 3120 1445 3185 ἕξεως

321 3209 442 3270 οίνδαμῶς
461 3211 581 3284 δίμοιρον.

411 3302 430 3371 ²)
449 3303 494 3357 W.
521 3301 619 3370 (Walz,
644 3302 728 3356 Rhet.
749 3301 803 3360 Gr]
830 3301 934 3366 V222,
954 3304 984 3357 9:
1006 3299 1199 3355 Ἑπτακαίδεκα
1225 3301 1275 3370 μέν
1301 3301 1351 3372 γάρ
1379 3301 1445 3354 ἐτῶν

321 3393 411 3460 γεγονά
418 3410 430 3446 ς
447 3389 542 3462 γράφει
560 3390 590 3442 τὸ
615 3391 788 3462 προκείμενον
813 3387 915 3460 βιβλίον
940 3391 988 3461 (sc.
1011 3395 1073 3462 περὶ
1098 3394 1151 3443 τῶν
1169 3390 1301 3461 στάσεων).
1339 3391 1380 3449 Cf.
1398 3392 1445 3448 W.

321 3480 467 3546 v1140,6.

411 3571 431 3638 ³)
451 3569 543 3624 Herm.
565 3570 611 3640 Sp.
631 3571 655 3624 II
673 3569 794 3635 2612&
814 3566 873 3622 οίιδέ
890 3569 941 3641 γάρ
966 3568 1044 3632 ἐστιν,
1063 3567 1133 3624 ὅστις
1151 3568 1204 3639 πρὸ
1224 3568 1307 3636 ημῶν,
1331 3567 1381 3620 dua
1398 3567 1445 3637 ἐμέ

322 3657 463 3728 γινώσκειν,
484 3659 520 3714 είς
536 3654 614 3724 τήνδε
630 3657 680 3724 τὴν
697 3657 799 3730 ἡμέραν
818 3657 923 3730 ἀκριβές
941 3679 969 3710 τι
985 3662 1047 3728 περὶ
1064 3656 1163 3710 τοίιτων
1180 3657 1446 3728 πραγματευσάμενος

323 3750 453 3816 φαίνεται,
473 3747 531 3800 ὅσοι
550 3744 578 3800 δέ
595 3746 709 3818 ἥψαντο,
728 3751 925 3820 τεταραγμένως
943 3753 988 3800 καὶ
1007 3745 1066 3799 λίαν
1078 3745 1246 3803 ἀπιστοῦντες
1259 3748 1347 3815 σφίσιν
1359 3747 1446 3803 atrato

321 3843 383 3908 περὶ
401 3830 438 3890 ὧν
456 3834 530 3890 εἶπον
549 3835 689 3908 είρίγκασιν,
709 3837 775 3890 δ’στε
793 3837 880 3893 αἰιτοῖς
899 3836 1071 3907 συγκεχίσθαι
1086 3837 1120 3890 τά
1138 3836 1237 3890 πάντα.

411 3929 430 3996 ⁴)
452 3912 542 3983 Herm.
563 3929 608 3998 Sp.
628 3927 651 3982 ΙΙ
664 3928 726 3992 206,
736 3927 784 3981 31:
805 3924 917 3979 Πολλῶν
936 3923 964 3979 δέ
981 3924 1068 3979 πολλὰ
1082 3926 1231 3994 ἕκθεμένων
1242 3931 1304 3996 περὶ
1317 3925 1445 3997 ἐπιχειρη-

321 4014 414 4082 μάτων
443 4021 488 4069 καί
517 4013 600 4068 πολὺν
630 4014 822 4069 άναλωσάντων
852 4012 929 4085 λόγον
958 4020 1003 4068 καί
1033 4013 1142 4084 μηδενὸς
1173 4011 1329 4082 δυνηθέντος
1357 4018 1446 4083 σαφῶς

321 4108 499 4176 παραστῆσαι,
517 4104 679 4177 πειράσομαι
698 4105 739 4158 ὅτι
751 4103 868 4162 μάλιστα
881 4107 1033 4173 σαφέστατα
1046 4101 1178 4176 διακρῖναι
1192 4145 1198 4158 .
1213 4145 1219 4158 .
1234 4145 1240 4159 .
1260 4105 1326 4160 lbid.
1340 4105 1401 4170 230,
1414 4105 1443 4158 l:

322 4197 398 4261 τέχνη
423 4191 451 4248 δέ
469 4195 610 4263 θαυμασία
634 4215 690 4267 παρ
706 4194 781 4263 ’ίγμῗν
800 4193 905 4266 εδρηται
923 4194 989 4265 πρὸς
1007 4194 1038 4246 τὸ
1056 4193 1122 4262 μήτε
1139 4193 1279 4266 πεφάρθσι
1296 4193 1343 4247 τὸν
1360 4191 1445 4263 λόγον,

321 4283 387 4352 μήτε
400 4283 502 4354 ἄπορον
514 4281 581 4337 εἶναι
594 4280 748 4357 διῃρημένης
761 4280 886 4340 διανοίας.
906 4285 974 4339 lbid.
988 4283 1107 4349 267,10;
1123 4281 1198 4352 οἶμαι
1213 4325 1218 4337 .
1234 4323 1239 4338 .
1253 4282 1445 4352 θαυμάσεσθαι
