3224 5044
543 1293 692 1364 CAPUT
725 1291 933 1366 PRIMUM.

203 1579 330 1659 QUID
365 1578 505 1649 ANTE
539 1575 892 1648 ARISTOTELEM
926 1575 995 1645 AD
1031 1574 1271 1647 STATUUM

179 1702 491 1775 DOCTRINAM
527 1701 850 1773 CONDENDAM
885 1700 1172 1773 cotiarum
1206 1699 1299 1772 sir.

267 1843 478 1910 Rhetorioam
508 1844 749 1930 antiquissimis
777 1841 983 1929 temporibus
1007 1845 1046 1908 ut
1077 1864 1142 1908 usu
1172 1845 1299 1926 natam,

177 1953 227 2018 ita
248 1973 362 2018 rursus
386 1952 430 2018 ad
453 1973 552 2017 usum
577 1949 864 2016 accommodatam
892 1970 966 2016 esse
991 1953 1138 2035 apparet
1185 1949 1300 2036 Neque

177 2062 294 2126 tamen
328 2062 459 2125 veteres
494 2057 672 2140 magistros
705 2056 834 2123 dicendi
861 2057 897 2123 in
932 2056 1178 2143 speciminibus
1215 2078 1300 2142 quae

178 2165 331 2252 discipuli
363 2166 561 2247 ediscerent,
594 2165 816 2250 proponendis
827 2166 851 2252 ¹)
883 2163 1108 2251 acquievisse,
1140 2163 1199 2230 sed
1231 2163 1300 2230 olo-

181 2273 354 2360 quentiam
378 2272 420 2338 ad
445 2274 526 2339 artis
544 2273 640 2358 quasi
657 2270 826 2359 quandam
850 2271 993 2337 formam
1010 2270 1165 2357 quamvis
1182 2293 1201 2337 a
1219 2271 1301 2336 sub-

181 2380 305 2446 tilitate
317 2380 537 2466 posteriorum
548 2380 711 2445 remotam
723 2377 891 2462 redegisse
903 2377 958 2445 vel
974 2399 1016 2443 ex
1032 2399 1071 2444 eo
1088 2377 1301 2462 intellegitur,

179 2487 268 2573 quod
291 2485 488 2552 Aristoteles
512 2487 701 2570 συναγωγὴν
724 2492 843 2570 τεχνῶν
872 2486 1066 2571 composuit.
1112 2484 1183 2550 Has
1212 2489 1302 2551 artes

180 2593 213 2658 in
238 2593 385 2660 iudiciali
411 2593 624 2681 potissimum
652 2613 773 2676 genere
797 2594 951 2658 versatas
981 2612 1055 2658 esse
1088 2612 1190 2678 supra
1216 2590 1302 2657 vidi-

177 2721 261 2768 mus.
316 2701 365 2766 De
398 2700 519 2788 quibus
551 2721 756 2787 quamquam
786 2721 896 2786 pauca
927 2697 1155 2786 comperimus,
1186 2701 1302 2764 tamen

177 2803 262 2874 haec
286 2806 470 2890 sufficiunt,
499 2809 627 2873 utiam
652 2809 733 2872 ante
757 2806 974 2873 Aristotelem
997 2807 1127 2872 semina
1150 2808 1301 2873 statuum

179 2913 371 3001 discipliuae
395 2914 586 3000 patefacere
608 2914 786 3001 possimus.
842 2900 846 2908 ¹
886 2927 889 2933 '

268 3021 331 3101 Qui
352 3023 448 3108 primi
471 3026 651 3108 praecepta
668 3042 788 3086 causas
804 3021 974 3088 tractandi
990 3020 1122 3087 dedisse
1137 3020 1301 3102 teruntur,

179 3127 284 3196 Corax
317 3131 352 3194 et
379 3129 487 3194 Tisias
517 3129 619 3195 Siculi
649 3130 827 3215 praecipue
859 3127 1045 3194 docuerunt
1075 3128 1302 3214 quaerendum

178 3257 261 3319 esse,
287 3237 374 3301 sitne
398 3235 576 3301 verisimile
600 3256 693 3300 reum
715 3235 778 3301 hoo
793 3235 921 3301 iecisse.
953 3234 1046 3301 Haeo
1061 3235 1150 3301 euim
1165 3233 1301 3301 tradidit

177 3340 375 3409 Aristoteles
399 3342 494 3427 (rhet.
512 3343 537 3408 B
555 3342 599 3407 24
621 3365 650 3428 p.
675 3341 760 3407 1402
770 3364 799 3425 a,
822 3343 893 3430 17);
917 3346 979 3408 ἔστι
1003 3345 1031 3408 d’
1051 3346 1087 3408 ἐκ
1110 3345 1222 3408 τούτου
1245 3350 1301 3406 τοῦ

175 3451 275 3516 τόπον
301 3452 357 3535 (sc.
372 3458 427 3515 τοῦ
444 3451 575 3534 εἰκότος)
594 3453 613 3534 ἡ
630 3451 782 3534 Κόρακος
803 3454 895 3534 τέχνη
920 3454 1116 3535 συγκειμένη·
1142 3453 1180 3515 ἂν
1194 3476 1226 3516 τε
1242 3451 1302 3534 γὰρ

175 3559 221 3640 μὴ
245 3561 356 3641 ἔνοχος
378 3557 399 3642 ᾖ
422 3567 460 3642 τῇ
483 3561 571 3641 αἰτίᾳ,
596 3559 663 3622 οἷον
686 3559 824 3641 ἀσθενὴς
847 3561 895 3622 ὢν
918 3561 1020 3629 αἰκίας
1044 3560 1154 3642 φείγχ·
1179 3558 1302 3640 οὐγὰρ

176 3665 268 3734 εἰκός·
293 3668 353 3729 κᾶν
377 3667 488 3749 ἔνοχος
512 3667 568 3737 ὥν,
593 3665 661 3729 οἷον
685 3667 723 3729 ἂν
747 3667 877 3748 ἰσχυρὸς
900 3668 956 3730 ὤν·
981 3667 1020 3730 οὐ
1048 3667 1108 3749 γὰρ
1137 3666 1229 3739 εἰκός,
1258 3667 1303 3728 ὅτι

177 3771 261 3842 εἰκὸς
289 3773 396 3854 ἔμελλε
425 3773 536 3845 δόξειν.
575 3773 698 3855 ὁμοίως
729 3773 763 3836 δὲ
794 3774 848 3836 καὶ
875 3774 925 3835 ἐπὶ
952 3779 1016 3836 τῶν
1044 3773 1156 3836 ἄλλων·
1193 3775 1212 3855 ἢ
1242 3772 1302 3857 γὰρ

177 3880 290 3960 ἔνοχον
313 3879 434 3962 ἀνάγκη
460 3883 478 3962 ἢ
501 3880 548 3962 μὴ
573 3881 685 3962 ἔνοχον
713 3879 789 3943 εἶναι
817 3889 855 3963 τῇ
883 3882 970 3962 αἰτίᾳ·
996 3882 1136 3962 φαίνεται
1162 3879 1222 3962 μὲν
1241 3878 1303 3943 οὗν

267 4091 286 4160 ¹)
306 4090 339 4144 V.
352 4091 383 4146 1..
404 4091 546 4161 Spengelii
565 4090 712 4161 συναγωγὴν
723 4093 820 4158 τεχνῶν
838 4110 863 4162 p.
879 4091 929 4150 117
949 4095 980 4147 et
998 4092 1058 4148 Oet.
1072 4092 1204 4154 Navarra
1225 4091 1304 4144 Essai

176 4165 224 4233 sur
241 4179 270 4234 la
287 4179 450 4251 rhetorique
470 4181 598 4251 Greoque
616 4187 706 4235 avant
719 4181 852 4235 Aristote.
884 4181 964 4236 Paris
979 4181 1056 4238 1900.
1087 4197 1114 4251 p.
1128 4179 1171 4245 49,
1185 4179 1221 4235 60
1233 4196 1302 4251 sqq,

179 4268 231 4322 124
243 4285 311 4340 sqq,
333 4268 384 4323 166
397 4285 466 4340 sqq,
487 4268 542 4322 200
554 4286 613 4341 sqq.
