3224 5044
609 469 652 476 .-
698 431 831 496 71-

162 597 208 679 ώς
237 607 291 672 τδν
322 609 540 691 γραμματικὸν
570 610 624 672 καὶ
650 609 706 673 τὸν
729 610 896 692 φρόνιμον·
928 612 1000 674 οὔτε
1031 611 1091 694 γὰρ
1121 612 1287 686 πλεονάζει

162 716 233 779 οότε
257 716 385 779 ἐλλείπει
407 716 529 779 τούτων
552 717 700 799 ἑκάτερος
729 718 817 799 παρὰ
847 717 904 800 τὴν
934 718 1084 801 ποιότητα
1086 765 1287 791 .......

163 825 180 905 q
204 823 334 904 ποιότης
358 871 364 886 .
389 871 395 884 .
420 873 427 886 .
451 825 669 906 συναπαρτίζει
703 823 785 906 πρὸς
815 823 850 887 τὸ
872 825 975 888 ποιόν.
1021 823 1115 910 (Arn.
1130 821 1168 889 fr.
1185 823 1287 890 Staio.

161 950 191 994 v.
211 928 241 992 ΙΙ
268 949 300 992 u.
317 927 396 1011 390)
444 926 537 994 Adde
568 927 658 993 huno
687 927 797 993 locum
829 951 849 994 a
883 928 1033 996 Prantlio
1063 929 1141 996 ibid.
1164 951 1194 1016 p.
1217 929 1286 996 433

161 1034 235 1100 adn.
252 1034 295 1100 96
320 1034 476 1100 allatum:
512 1039 543 1099 οἱ
566 1036 600 1100 δὲ
623 1037 763 1101 Στωϊκοὶ
785 1037 820 1100 τὸ
844 1037 953 1102 κοινόν
975 1045 1030 1121 τῆς
1052 1039 1218 1122 ποιότητος
1247 1038 1286 1102 τδ-

161 1143 211 1207 tat
232 1149 298 1206 τῶν
321 1144 482 1226 σωμάτων
504 1143 628 1224 λέγουσι
652 1145 811 1226 διαφορὰν
827 1144 904 1208 εἶναι
928 1147 1045 1218 οὐσίας,
1069 1147 1129 1209 οὐκ
1150 1146 1284 1210 ἀποδια-

160 1250 281 1332 ληπτὴν
303 1251 384 1314 καθ’
411 1251 533 1331 ἑαυτήν,
565 1250 635 1313 ἀλλ’
666 1252 709 1321 εἰς
741 1251 881 1334 ἐννόημα
912 1253 965 1316 καὶ
997 1252 1133 1335 ἰδιότητα
1164 1253 1284 1335 ἀπολή-

161 1381 280 1438 γουσαν
303 1355 394 1441 (Arn.
412 1354 511 1421 Stolo.
526 1355 564 1420 fr.
581 1355 656 1421 v.II
680 1377 711 1422 n.
728 1356 814 1439 378),
839 1357 858 1424 i.
876 1379 902 1423 e.
927 1361 970 1430 εἰς
1000 1359 1055 1423 τόν
1086 1361 1172 1442 ὅρον,
1204 1377 1285 1424 nam

160 1463 350 1546 Χρύσιππος
372 1464 452 1544 λέγει
476 1465 522 1527 ότι
545 1465 621 1546 ὅρος
645 1465 724 1528 ἐστίν
747 1467 766 1548 ἡ
790 1472 846 1529 τοῦ
867 1466 948 1529 ἰδίου
973 1466 1126 1537 ἀπόδοσις
1147 1464 1285 1547 (Prantl.

159 1570 179 1637 l.
196 1569 248 1634 all.
272 1591 302 1655 p.
318 1569 384 1634 425
416 1567 490 1634 adn.
507 1569 550 1635 70
583 1567 671 1657 [Arn.
687 1569 725 1635 ir.
742 1569 840 1636 Stoio.
857 1591 888 1638 v.
904 1571 934 1635 ll
961 1592 992 1637 n.
1009 1569 1108 1660 226])‚
1140 1592 1286 1658 quaeum

161 1676 355 1743 definitione
387 1697 454 1742 uon
486 1675 672 1762 discrepare
704 1677 874 1764 Antipatri
903 1678 1096 1744 Alexander
1118 1677 1284 1765 Aphrodi-

160 1784 280 1850 siensis
296 1782 349 1847 his
365 1783 475 1848 verbis
492 1783 630 1869 exponit
645 1784 775 1868 (comm.
791 1785 826 1850 in
838 1784 976 1850 Aristot.
990 1788 1057 1871 top.
1069 1807 1099 1871 p.
1112 1785 1166 1867 43,
1179 1786 1200 1850 2
1212 1785 1284 1866 Wt:

161 1891 256 1956 οὐδὲν
278 1894 318 1955 ἀν
337 1892 456 1973 λέγοιεν
478 1891 532 1955 τὸν
556 1892 635 1974 ὅρον
651 1893 811 1975 διαφέρειν
833 1899 888 1976 τῆς
910 1899 966 1956 τοῦ
990 1893 1071 1957 ι’δίου
1096 1893 1285 1964 ἀποδόσεως

160 2001 217 2080 (su.
241 2001 272 2063 οἱ
293 1999 434 2080 λέγοντες
457 2000 535 2080 ὅρον
558 1998 635 2063 εἶναι
657 1999 753 2081 λόγον
775 2000 855 2062 κατὰ
878 2001 1026 2064 ἀνάλυσιν
1050 2001 1286 2083 ἀπαρτιζόντως

160 2104 398 2190 ἐκφερόμενον).
445 2106 539 2187 λόγος
570 2106 631 2188 γὰρ
658 2107 712 2170 καὶ
734 2106 770 2170 τό
790 2109 889 2180 εζῶον
913 2107 1103 2189 γελαστικόν’
1129 2107 1183 2170 καί
1206 2109 1282 2170 ἀπε-

160 2215 271 2295 ρίττως
297 2214 406 2277 τεκαὶ
434 2214 606 2283 ἀνελλιττῶς
629 2215 772 2296 σημαίνει
801 2213 857 2277 τὸν
887 2215 1075 2296 ἄνθρωπον·
1121 2215 1192 2277 odire
1224 2214 1284 2297 γὰρ

161 2321 210 2384 ἐπὶ
232 2321 330 2384 πλέον
354 2322 425 2384 οὔτε
448 2321 498 2384 ἐπ’
524 2321 648 2384 ἔλαττόν
672 2322 733 2384 εἀτι
748 2327 804 2384 τοῦ
820 2322 1009 2404 ἀνθρώπου.
1049 2321 1126 2384 ἀλλὰ
1142 2322 1285 2421 πλεῖστον

160 2429 295 2510 ὁρισμοῦ
320 2429 338 2491 ό
363 2427 413 2490 διὰ
436 2434 492 2490 τοῦ
516 2427 597 2491 ἰδίου
621 2427 715 2509 λόγος
738 2428 972 2511 ἀποδιδόμενος
993 2429 1144 2511 διαφέρει,
1169 2429 1214 2492 ότι
1236 2429 1282 2511 μὴ

159 2537 303 2617 σημαίνει
326 2536 359 2598 έν
381 2536 437 2597 τίνι
460 2535 522 2598 ἐστὶ
544 2534 580 2598 τό
603 2534 680 2598 εἶναι
710 2541 756 2616 τῷ
779 2535 957 2618 ἀνθρώπῳ.
1005 2535 1050 2599 ὅτι
1082 2536 1142 2617 γὰρ
1172 2535 1218 2618 μὴ
1251 2537 1286 2599 έν

158 2649 204 2723 τῷ
228 2641 400 2724 γελαστικῷ
423 2647 468 2723 τῷ
492 2641 661 2724 ἀνθρώπῳ
684 2641 720 2704 τὸ
743 2641 829 2714 εῖναι,
865 2642 961 2725 δῆλον
985 2643 1020 2704 ἐκ
1044 2647 1099 2704 τοῦ
1122 2641 1177 2712 τὰς
1199 2642 1282 2705 καθ’

159 2750 179 2811 ὅ
202 2750 282 2812 ἐστιν
305 2749 437 2812 ἕκαστον
469 2749 624 2830 ἐνεργείας
653 2749 766 2818 ταύτας
788 2749 924 2812 τελειοῦν
948 2749 1032 2812 aad·
1080 2749 1140 2812 οὐκ
1164 2750 1225 2812 ἔστι
1249 2749 1285 2812 δὲ

158 2855 311 2938 τελειότης
336 2855 513 2938 ἀνθρώπων
530 2855 566 2944 τό
583 2855 707 2937 petrioli
746 2853 863 2940 Neque
879 2854 989 2937 igitur,
1015 2853 1283 2940 quandoquidem

158 2962 213 3025 τὸν
238 2941 375 3044 <iperet
396 2962 452 3044 τὴν
475 2962 624 3045 ποιότητα
653 2959 838 3026 seeundum
862 2959 992 3027 Stoicos
1016 2960 1102 3026 inter
1134 2982 1170 3026 ee
1202 2982 1284 3027 oon-

159 3087 276 3150 gruere
300 3067 526 3153 probavimus
560 3067 687 3133 Thielio
712 3067 869 3133 assentiri
891 3089 1080 3153 possumus,
1115 3069 1171 3154 qui
1204 3089 1284 3134 oon-

159 3175 371 3239 stitutionem
388 3173 599 3240 definitivam
622 3195 698 3240 eum
717 3175 886 3257 categoria
906 3183 963 3240 τοῦ
978 3177 1050 3246 πὼς
1066 3177 1193 3258 ἔχοντος
1208 3174 1284 3240 vult

160 3280 381 3366 compararifl)
426 3281 530 3347 Immo
562 3282 625 3347 hoo
648 3301 754 3365 genus
777 3281 953 3347 notionum
977 3280 1084 3347 stetui
1107 3280 1282 3367 qualitatis

161 3387 361 3474 respondere
393 3388 618 3468 Quintilianus
651 3393 766 3475 aperte
798 3388 905 3470 docet,
938 3409 1014 3453 oum
1043 3387 1283 3472 Hermagoram

160 3493 359 3581 qualitatem
393 3517 451 3580 per
489 3495 677 3562 accidentia
710 3497 801 3577 (κατὰ
837 3498 1072 3581 συμβεβηκότα)
1107 3495 1283 3562 vocavisse

159 3601 302 3687 aedita)
346 3601 433 3667 Nam
468 3603 555 3668 sicut
589 3605 608 3686 ἡ
644 3605 757 3675 ἀποιος
786 3605 844 3687 ὕλη
879 3606 913 3667 et
943 3607 962 3686 ἡ
994 3604 1123 3686 ποιότης
1154 3601 1197 3667 ad
1226 3604 1285 3686 τὴν

159 3711 269 3774 οὐσίαν
300 3711 465 3794 spectant,
497 3709 547 3774 ita
575 3710 611 3774 τδ
641 3711 713 3781 πὼς
740 3713 814 3793 ἕχον
838 3712 873 3775 et
894 3711 930 3774 τὸ
953 3711 1034 3792 πρός
1057 3735 1083 3772 τι
1106 3710 1178 3780 πὼς
1208 3711 1284 3792 έχον

251 3903 268 3972 ¹)
288 3905 441 3958 Praeterea
458 3907 562 3959 notatu
581 3905 696 3974 dignum
710 3908 755 3959 est
767 3904 957 3958 Minucianum
975 3901 1022 3955 τὸν
1034 3900 1097 3973 όριν
1108 3903 1150 3956 ita
1162 3902 1282 3972 expliea-

160 3992 247 4047 visse:
263 3991 341 4046 ‘deae
359 3990 472 4065 dpoloyp'
490 3992 539 4062 μὲν
558 3991 572 4045 ὃ
592 3991 691 4063 φεύγων
707 3993 738 4045 τὸ
756 3993 949 4064 πεπραγμένον,
967 3995 1030 4062 περὶ
1049 3987 1077 4043 δὲ
1094 3994 1140 4056 τῆς
1152 3984 1280 4056 ἰδιότητος

158 4079 292 4148 aditque
304 4074 329 4147 ἦ,
348 4086 410 4150 περὶ
421 4085 467 4134 τοί
484 4081 564 4134 ποῖόν
581 4083 610 4134 τί
620 4079 675 4134 ἐστι
686 4081 718 4135 τὸ
730 4080 928 4153 πατραγμένονῖ
947 4082 1018 4152 (Syr.
1032 4081 1049 4136 l.
1063 4081 1109 4136 ull.
1123 4097 1150 4151 p.
1159 4079 1203 4144 99,
1215 4079 1281 4149 alil.

248 4171 268 4240 ⁹)
286 4171 417 4242 Hermag.
435 4189 463 4243 p.
477 4172 519 4226 48.
953 4201 955 4206 ,

249 4260 415 4330 dffldffi
