3198 5054
615 1531 798 1622 VlTA.

235 1821 344 1888 Natus
368 1841 443 1886 sum
460 1821 632 1887 Johannes
648 1818 879 1886 Fordinandus
898 1817 1102 1886 Gualtherus
1118 1817 1269 1884 Jaeneke

150 1930 297 1996 Dresdae
321 1949 409 1994 anno
433 1927 549 2014 prioris
573 1926 698 1993 saeculi
720 1925 864 1992 LXXIV.
910 1925 1024 1991 idibus
1043 1924 1143 2004 Maiis
1172 1928 1268 2011 patre

146 2034 351 2117 Godofredo,
391 2036 497 2101 matre
537 2033 669 2100 Martha
708 2055 726 2099 e
766 2036 866 2116 gente
906 2031 1078 2099 Ghemnitz
1119 2031 1268 2109 oriunda,

144 2140 306 2208 Addictus
337 2163 411 2206 sum
442 2139 523 2207 fidei
554 2140 776 2224 evangelicae.
822 2139 860 2204 ln
892 2139 983 2205 urbis
1014 2139 1144 2225 patriae
1172 2159 1268 2205 meae

41 2256 42 2260 ’
145 2246 290 2314 secundo
313 2247 392 2314 ludo
416 2248 530 2333 civice,
554 2249 590 2313 in
613 2269 712 2334 quem
735 2248 782 2312 ire
805 2250 940 2333 propter
962 2246 1114 2312 morbum
1139 2248 1267 2332 septem

145 2353 278 2421 demum
303 2376 468 2421 annorum
491 2376 573 2441 puer
596 2355 698 2440 coepi,
722 2353 909 2420 litterarum
926 2353 1102 2419 elementis
1119 2352 1268 2419 imbutus

145 2484 167 2528 a
181 2464 329 2548 tempore
349 2461 501 2546 paschali
517 2462 597 2526 anni
612 2459 787 2526 LXXXIX
803 2459 873 2526 ludi
889 2459 1125 2542 magistrorum
1139 2459 1269 2543 regium

144 2567 360 2633 seminarium
383 2567 734 2654 Fhiderioopolitanum
754 2567 976 2653 frequentavi,
1001 2565 1090 2630 unde
1106 2565 1174 2631 iam
1189 2569 1267 2652 post

99 2737 103 2745 .
145 2693 273 2740 annum
296 2676 330 2739 et
346 2694 407 2738 sex
422 2682 556 2741 menses
572 2677 706 2761 propter
722 2674 867 2761 corporis
884 2673 1159 2740 constitutionem
1175 2673 1266 2738 haud

145 2780 229 2846 satis
252 2779 385 2846 firmam
408 2779 484 2846 abii.
530 2781 658 2847 Deinde
683 2780 856 2867 disciplina
886 2783 1120 2865 magistrorum
1143 2779 1265 2846 libera-

143 2887 344 2953 lissimorum
380 2885 417 2954 G.
448 2886 595 2970 Bdhmii,
630 2888 682 2954 Fr.
712 2887 847 2966 Palmii,
888 2887 931 2956 M.
963 2885 1149 2954 Schoedelii
1183 2909 1266 2952 usus

145 2993 311 3060 elementa
333 2994 468 3077 linguae
485 2992 633 3060 Graecae
651 2996 685 3059 et
699 2997 880 3079 praecepta
895 2995 1090 3082 principalia
1110 2995 1265 3082 syntaxis

143 3100 285 3167 Latinae
311 3103 401 3168 intra
424 3122 484 3167 sex
507 3121 640 3166 menses
665 3099 771 3184 didici,
794 3103 833 3166 ut
855 3103 1004 3188 tempore
1026 3101 1178 3188 paschali
1201 3121 1265 3166 an-

144 3206 179 3271 ni
195 3205 274 3271 XOl.
290 3208 325 3272 in
342 3208 483 3274 classem
498 3209 634 3273 tertiam
650 3208 852 3293 superiorem
868 3209 1034 3294 gymnasii
1055 3206 1267 3274 Guettiniani

143 3313 340 3378 Dresdensis
371 3314 472 3400 recipi
502 3335 644 3400 possem.
691 3313 764 3394 Qua
794 3314 830 3378 in
861 3313 976 3380 schola
1007 3316 1133 3401 optima
1163 3336 1266 3400 quarn

135 3419 414 3487 'benevolentiam
445 3443 522 3505 erga
552 3442 605 3486 me
637 3419 852 3487 contulerunt
882 3419 917 3486 Ο.
934 3421 1069 3487 Meltner
1100 3425 1207 3488 rector
1231 3424 1266 3486 et

142 3527 196 3592 Dr.
228 3527 278 3595 m.
298 3526 445 3612 Poland,
478 3549 607 3615 semper
636 3529 691 3614 pio
723 3531 884 3614 gratoque
916 3528 1027 3593 animo
1058 3528 1264 3595 recordabor.

144 3632 231 3698 Vere
256 3636 336 3699 anni
358 3633 468 3701 XCVI.
485 3635 691 3701 maturitatis
715 3635 946 3701 testimonium
970 3638 1170 3701 consecutus
1186 3635 1264 3722 Lip-

143 3739 228 3804 siam
251 3760 304 3805 me
329 3739 463 3822 contuli,
488 3744 528 3806 ut
550 3741 670 3808 litteris
698 3743 846 3827 antiquis
871 3762 1006 3827 operam
1030 3740 1152 3808 darem.
1198 3740 1265 3808 Sed

142 3867 201 3932 per
223 3847 402 3912 triennium
426 3847 551 3912 maiore
583 3847 762 3914 sedulitate
791 3847 833 3913 ad
857 3847 1110 3934 philosophiam,
1143 3849 1264 3935 quippe

144 3973 231 4039 quae
254 3954 415 4039 imprimis
438 3953 520 4018 mihi
540 3952 629 4019 cordi
645 3955 699 4038 sit,
723 3957 964 4043 praetereaque
981 3955 1024 4021 ad
1039 3955 1215 4021 historiam
1230 3960 1265 4023 et

141 4058 355 4146 philologiam
376 4059 609 4127 Germanicam
632 4082 685 4127 me
709 4062 920 4148 applicabam
942 4083 1043 4147 quam
1068 4061 1111 4127 ad
1133 4061 1263 4128 litteras

143 4164 288 4232 Graecas
320 4169 356 4232 et
385 4165 543 4261 Latinas,
583 4168 671 4254 quod
706 4189 784 4234 mea
813 4170 975 4235 intererat
1004 4166 1264 4234 fundamentum

141 4272 244 4338 latius
283 4274 394 4339 studio
435 4295 508 4339 meo
547 4273 735 4341 litterarum
765 4276 881 4342 iacere.
936 4274 1007 4355 Quo
1043 4275 1171 4342 factum
1201 4278 1262 4359 est,

3 4443 4 4450 ,
140 4380 336 4466 praesertim
360 4401 434 4445 cum
460 4380 669 4467 aliquantum
693 4382 851 4467 temporis
882 4383 917 4447 in
940 4382 1004 4448 hac
1027 4384 1262 4448 commentati-
