3198 5054
746 372 969 438 „34-

296 551 443 628 Accedit,
483 554 523 617 ut
558 551 636 618 orde
671 571 781 618 rerum
817 550 1034 620 offensionem
1070 550 1205 617 habeat
1266 550 1419 635 Namque

296 660 450 727 notiones
482 658 699 745 quaestionis,
739 657 890 743 rationis,
925 657 1139 740 firmamenti,
1176 658 1297 744 quippe
1332 677 1419 743 quse

295 764 518 832 fundamenta
550 764 811 851 uniuscuiusque
844 767 956 830 status
987 765 1065 846 sint,
1106 767 1146 830 ut
1172 765 1259 830 10110
1286 764 1419 850 0100100

296 871 484 956 reddemus,
509 874 589 938 0010
613 873 764 939 statuum
788 871 1003 957 partitionem
1026 870 1149 958 exponi
1172 874 1418 956 exspectamus,

296 1000 371 1046 cum
396 976 588 1068 appendicis
610 976 683 1044 loce
707 977 747 1043 de
772 977 821 1044 eis
845 976 969 1044 dictum
995 978 1047 1044 sit.
1078 978 1196 1064 ltaque
1219 977 1255 1042 in
1278 976 1419 1042 Herma-

296 1107 396 1170 gorae
426 1083 577 1152 doctrina
609 1085 819 1153 restituenda
841 1083 1007 1152 Ciceronis
1039 1085 1232 1152 auctoritati
1262 1105 1326 1149 nes
1356 1083 1419 1149 ad-

299 1192 405 1258 dicere
429 1191 606 1257 nonlicet

389 1297 455 1364 Sed
491 1296 533 1362 ad
569 1296 811 1380 Quintilianum
842 1297 1026 1366 veniamne.
1080 1296 1179 1380 llum,
1215 1318 1420 1384 quamquam

296 1403 476 1470 nonnullos
507 1404 609 1470 libres
640 1405 831 1490 rhetoricen,
864 1405 920 1491 qui
954 1403 1148 1471 ferebantur
1182 1404 1418 1488 Hermagorae,

297 1514 509 1596 cognoverat,
535 1514 651 1579 tamen
667 1509 766 1578 valde
783 1511 1003 1595 dubitavisse,
1021 1515 1178 1578 essentne
1194 1510 1418 1576 illustrissimo

296 1619 343 1689 illi
374 1617 498 1686 rhetori
530 1616 750 1700 adiudicandi,
774 1617 914 1704 ideoque
939 1639 996 1684 ees
1021 1617 1172 1685 omisisse
1196 1639 1238 1684 ex
1261 1617 1419 1683 hocloco

296 1725 506 1813 perspicuum
541 1727 594 1792 est
628 1727 714 1808 (inst.
751 1746 794 1792 01.
825 1725 869 1790 III
893 1725 1014 1808 5,14):
1042 1725 1148 1791 »Sunt
1170 1774 1178 1792 .
1203 1775 1209 1790 .
1234 1775 1240 1790 .
1269 1724 1418 1810 inscripti

295 1834 429 1900 nemine
452 1831 677 1915 Hermagorae
700 1832 785 1914 libri,
809 1833 867 1918 qui
891 1832 1092 1900 confirmant
1114 1831 1205 1898 111010
1229 1832 1419 1918 opinionem

297 1939 397 2029 [qued
431 1943 563 2025 spectat
594 1937 636 2006 ad
667 1937 688 2026 Q
714 1939 770 2006 12:
805 1938 941 2006 inutiles
977 1938 1111 2025 quidam
1143 1939 1266 2005 oratori
1295 1941 1419 2024 putant

296 2046 503 2114 universales
527 2044 764 2133 quaestiones],
789 2046 860 2112 sive
882 2045 990 2112 falsus
1014 2048 1067 2112 est
1089 2046 1218 2128 titulus,
1244 2046 1315 2112 sive
1331 2044 1418 2110 alius

295 2153 350 2220 hic
361 2154 584 2236 Hermagoras
599 2151 673 2219 fuit.
708 2151 795 2220 Nam
812 2150 974 2219 eiusmodi
991 2173 1065 2218 esse
1085 2151 1251 2239 quomode
1263 2154 1416 2239 possunt,

297 2260 354 2346 qui
384 2258 425 2324 de
456 2258 521 2324 hac
552 2262 625 2326 arte
652 2258 1419 2346 011101111101011111000010001111,0110101001

298 2388 340 2432 ex
357 2365 521 2432 Ciceronis
538 2386 670 2452 queque
686 2366 849 2432 rhetorico
866 2366 1240 2453 primo1tmanifestum
1259 2367 1320 2448 est,
1344 2385 1418 2431 ma-

300 2475 419 2542 teriam
441 2473 622 2539 rhetorices
645 2473 680 2538 in
704 2473 809 2538 thesis
834 2475 869 2540 01
892 2494 1012 2540 causes
1030 2472 1206 2540 diviserit«
1247 2474 1297 2539 Ao
1313 2472 1417 2552 Quin-

297 2580 451 2648 tilianum
475 2579 549 2646 illes
572 2579 673 2647 libros
696 2579 923 2663 Hermagorae
947 2581 1118 2666 praeclare
1142 2581 1274 2662 rhetori,
1299 2583 1418 2666 utpote

300 2709 399 2774 quem
418 2687 626 2752 universales
643 2688 858 2772 quaestiones
875 2689 1015 2754 oratoris
1031 2686 1194 2754 facultate
1210 2686 1418 2773 complexum

298 2816 371 2861 esse
396 2797 431 2859 et
454 2816 471 2860 e
495 2795 625 2860 ratione
649 2793 819 2860 doctrinae
843 2793 915 2860 eius
935 2796 1028 2860 etex
1045 2797 1228 2860 ceterorum
1244 2795 1416 2860 auctorum

297 2922 462 2968 censensu
479 2903 619 2976 constet,
645 2899 794 2969 chillam
813 2903 1072 2988 repugnantiam
1087 2902 1158 2968 iure
1173 2900 1418 2968 abiudicavisse

297 3010 444 3095 apparet.
491 3006 615 3090 Quodsi
645 3011 778 3094 0100101
809 3009 883 3074 illes
915 3008 1017 3077 libros
1047 3007 1271 3091 Hermagorae
1301 3008 1418 3073 maiori

296 3137 365 3182 nen
389 3113 591 3182 addicendos
615 3114 819 3196 Quintiliane
844 3114 907 3197 alii,
937 3136 1020 3201 ques
1043 3115 1133 3182 illius
1157 3136 1231 3180 esse
1255 3114 1319 3182 sibi
1340 3133 1418 3199 per-

297 3223 469 3303 suasisset,
486 3224 558 3288 0011
574 3225 676 3308 atque
692 3223 834 3309 inspecti
849 3221 1004 3305 fuissent,
1028 3224 1086 3288 vix
1102 3225 1155 3288 est
1170 3221 1316 3300 dubium,
1337 3220 1417 3308 quin

298 3350 412 3397 eorum
449 3329 504 3395 hie
541 3329 667 3395 1000110
705 3329 798 3396 facta
836 3333 934 3395 esset.
990 3330 1095 3415 Atqui
1130 3328 1217 3415 qued
1253 3327 1418 3394 Ciceronis

296 3436 488 3502 testimonie
505 3437 624 3502 nititur
633 3438 656 3517 ²)
672 3457 780 3523 neque
792 3436 893 3519 libris,
909 3437 965 3522 qui
977 3436 1201 3518 Hermagorae
1213 3435 1416 3517 ferebantur,

298 3541 504 3609 addubitatis
528 3547 644 3626 artem,
669 3565 754 3628 quae
778 3545 924 3626 genuina
946 3542 1145 3622 habebatur,
1171 3541 1316 3628 opponit,
1340 3539 1419 3606 inde

297 3652 393 3738 patet
424 3672 474 3735 ea,
507 3671 593 3736 quae
625 3649 851 3730 Quintilianus
885 3649 924 3715 de
952 3649 1053 3715 huius
1088 3650 1239 3716 doctrina
1268 3646 1415 3732 tradidit,

297 3779 365 3824 non
389 3778 411 3822 a
432 3757 601 3845 praeclaro
625 3757 680 3824 ille
704 3757 835 3824 rhetore
851 3758 933 3842 ipso,
958 3756 1018 3822 sed
1033 3757 1209 3844 praecipue
1226 3777 1248 3821 a
1263 3756 1417 3822 Cicerone

296 3864 405 3950 petita
435 3885 518 3945 esse,
551 3868 683 3950 praeter
714 3885 814 3950 quem
845 3862 981 3949 quidem
1013 3863 1069 3930 alii
1097 3867 1251 3929 auctores
1276 3862 1418 3928 adhibiti

389 4113 406 4184 ¹)
427 4111 481 4168 Cic.
502 4113 537 4168 (10
555 4112 611 4168 inv.
631 4113 717 4177 lae.

387 4201 408 4271 ⁸)
428 4201 468 4256 Cf.
489 4202 589 4256 'Phielii
608 4203 721 4257 brevem
740 4202 946 4274 expositionem
964 4220 991 4273 p.
1007 4204 1040 4257 18
1058 4203 1075 4258 1.
1095 4204 1140 4257 all.
