3224 5044
620 419 835 484 ...29-

163 597 383 684 philosophia,
415 596 575 683 imprimis
607 595 791 678 dialectica,
824 597 867 662 ad
900 596 1124 682 eloquentiam
1155 596 1286 662 ratione

165 725 204 769 ac
243 702 416 790 disciplina
455 703 671 769 excolendam
709 704 893 790 pertineat,
938 708 1052 791 aperte
1093 702 1285 770 ostendere:

164 809 253 876 Orat.
273 810 375 893 4,14:
425 838 458 876 ».
484 863 490 876 .
515 810 588 875 sine
616 809 826 896 philosophia
854 831 922 876 non
951 832 1049 897 posse
1074 809 1163 876 ciiici
1188 831 1286 896 quem

69 982 72 986 .
164 919 354 1003 quaerimus
379 917 592 1004 eloquentem
617 967 623 984 .
648 972 654 984 .
680 916 807 1004 .§16:
832 969 838 984 .
864 969 870 983 .
895 970 901 985 .
926 919 997 984 sine
1013 917 1286 1004 philosophorum

165 1024 338 1110 disciplina
369 1046 476 1108 genus
508 1027 543 1090 et
573 1025 717 1110 speciem
749 1026 908 1111 cuiusque
940 1025 987 1092 rei
1016 1045 1147 1090 cernere
1177 1044 1285 1109 neque

166 1152 240 1197 eam
264 1131 454 1198 definiendo
479 1131 643 1217 explicare
668 1153 729 1198 nec
753 1131 899 1198 tribuere
915 1133 950 1196 in
966 1135 1079 1217 partes
1096 1152 1284 1218 possumus,

165 1260 227 1305 nec
249 1237 404 1320 iudicare,
438 1258 524 1323 quae
556 1259 646 1321 vcra,
680 1259 766 1323 quae
795 1238 883 1304 falsa
908 1239 984 1321 sint,
1017 1260 1125 1324 neque
1155 1259 1286 1304 cernere

167 1345 416 1430 consequentia,
456 1345 680 1431 repugnantia
717 1345 837 1428 videre,
877 1345 1035 1428 ambigua
1073 1344 1285 1427 distinguere.

165 1451 249 1531 Quid
273 1450 380 1518 dicam
405 1450 444 1516 de
468 1454 591 1517 natura
613 1473 732 1534 rerum,
759 1455 852 1518 cuius
874 1453 1017 1535 cognitio
1035 1472 1193 1534 magnam
1209 1473 1285 1517 ora-

164 1560 265 1625 tionis
294 1559 487 1645 suppeditat
515 1559 653 1645 copiam,
683 1559 828 1642 devita,
862 1558 901 1624 de
926 1559 1056 1644 officiis
1087 1560 1127 1624 de
1151 1559 1285 1641 virtute,

165 1665 205 1732 dc
228 1667 385 1749 moribus,
417 1666 488 1730 sine
521 1666 628 1731 multa
659 1687 774 1732 earum
801 1667 950 1751 ipsarum
978 1687 1087 1732 rerum
1112 1665 1286 1751 disciplina

164 1777 225 1840 aut
237 1772 299 1840 dici
312 1776 373 1839 aut
383 1772 531 1856 intellegi
544 1793 642 1860 posse
652 1774 687 1838 ‘?«
724 1772 770 1839 ef.
782 1777 865 1860 part.
879 1795 922 1838 or.
936 1795 961 1839 c.
974 1773 1030 1856 403
1043 1773 1133 1838 Brut.
1146 1773 1200 1854 41,
1213 1773 1284 1838 152.

164 1881 314 1966 Denique
337 1881 422 1946 haec
445 1879 640 1946 testimonia
668 1880 759 1946 haud
787 1884 867 1946 suut
891 1879 1103 1964 neglegenda.
1151 1880 1285 1961 Quinti-

163 1988 273 2054 lianus
298 1987 384 2070 (inst.
406 2007 450 2053 or.
471 1988 514 2052 ΠΙ
537 1988 644 2070 1,15),
675 1995 713 2052 ut
736 1987 803 2054 iam
827 2008 928 2074 snpra
951 1987 1106 2069 vidimuS,
1131 1987 1185 2052 vel
1209 1989 1284 2052 stu-

164 2094 289 2161 diosius
313 2093 527 2181 philosophos
553 2094 765 2160 Aristotelem
796 2098 830 2160 et
853 2095 1121 2180 Theophrastum
1150 2096 1283 2161 secutos

164 2223 266 2287 quarn
289 2203 438 2268 rhetores
461 2202 704 2289 praecipueque
721 2201 908 2270 Stoicorum
932 2223 971 2267 ac
986 2201 1284 2287 Peripateticorum

162 2308 326 2395 principes
360 2308 544 2374 rhetoricae
580 2330 715 2395 operam
751 2307 880 2374 dedisse
915 2313 1032 2374 auctor
1066 2311 1126 2373 est.
1172 2310 1283 2394 Atque

162 2418 342 2501 postquam
372 2415 658 2501 philosophicam
686 2419 927 2499 tractaverunt,
958 2416 1079 2481 artium
1108 2415 1283 2501 scriptores

163 2543 206 2586 ex
228 2523 269 2587 iis
292 2521 490 2609 pependisse
514 2523 599 2588 haec
622 2522 726 2588 verba
750 2523 914 2589 Ciceronis
938 2521 1059 2588 docent
1083 2521 1134 2604 (de
1158 2522 1283 2587 invent.

161 2629 238 2712 113,
252 2628 299 2717 Sl:
350 2628 419 2695 »Ex
443 2679 481 2694 ..
512 2628 644 2695 duabus
674 2629 813 2695 diversis
842 2629 942 2695 sicuti
968 2628 1113 2713 familiis,
1143 2649 1283 2714 quarum

164 2736 271 2803 altera
295 2758 370 2802 cum
386 2740 576 2804 versaretur
591 2739 625 2803 in
642 2736 861 2824 philosophia,
886 2736 1084 2802 nonnullam
1099 2735 1283 2801 rhetoricae

163 2864 294 2930 quoque
318 2843 400 2910 artis
425 2843 488 2909 sibi
513 2865 626 2910 curam
651 2843 860 2926 adsumebat,
887 2844 992 2910 altera
1015 2864 1094 2909 vero
1119 2843 1225 2909 omnis
1248 2842 1283 2906 in

163 2950 293 3016 dicendi
317 2955 389 3017 erat
412 2952 523 3018 studio
548 2954 582 3017 et
605 2951 839 3038 praeceptione
857 2956 1030 3036 occupata,
1056 2971 1160 3016 unum
1176 2949 1283 3035 quod-

163 3057 240 3124 dam
264 3062 316 3124 est
340 3058 524 3124 conflatum
548 3079 654 3142 genus
679 3081 700 3124 a
722 3058 970 3144 posterioribus,
996 3057 1053 3144 qui
1073 3057 1116 3123 ab
1133 3057 1283 3142 utrisque

165 3187 215 3247 ea,
240 3185 326 3250 quae
351 3165 522 3230 commode
546 3164 610 3231 dici
632 3165 843 3248 videbantur,
876 3164 912 3228 in
939 3185 1019 3229 suas
1048 3167 1137 3228 artes
1162 3166 1282 3228 contu-

161 3271 300 3338 lerunt«
336 3272 507 3352 Quantum
531 3275 645 3338 autem
669 3273 835 3338 rhetorica
858 3293 912 3337 ars
929 3270 1143 3356 doctrinaque
1160 3269 1284 3335 debeat

163 3379 404 3466 philosophiae,
430 3401 471 3444 ex
487 3379 637 3445 hocloco
653 3378 836 3444 Philodemi
861 3378 1002 3444 dilucide
1027 3380 1166 3465 apparet
1190 3375 1282 3459 (rhet.

161 3485 226 3551 vol.
243 3486 271 3550 ll
294 3507 344 3571 pg.
361 3487 414 3570 67,
438 3485 476 3552 ir.
493 3487 554 3572 3,7
580 3485 706 3574 Sudh.):
754 3488 808 3571 Νὴ
834 3488 891 3551 Δία
914 3488 951 3550 τὰ
974 3488 1034 3570 μὲν
1056 3487 1180 3570 τεχνικὰ
1204 3488 1280 3568 παρ’

163 3595 268 3658 ἄλλων
292 3596 406 3677 ἔλαβον
434 3596 502 3658 οἷόν
530 3619 596 3659 τινα
625 3596 760 3678 ἐριστικὰ
788 3596 842 3659 καὶ
868 3595 906 3658 τὰ
933 3603 998 3657 τῶν
1022 3594 1223 3676 ἀμφιβολιῶν
1247 3594 1282 3656 ἐκ

162 3708 217 3784 τῆς
241 3702 435 3785 διαλεκτικῆς
457 3704 511 3766 καὶ
533 3709 658 3784 πτεροῖς
681 3703 853 3783 ἀλλοτρίοις
877 3703 1059 3784 ἐκόσμησαν
1082 3699 1222 3769 ἑαυτούς.

251 3807 369 3893 Itaque
394 3807 534 3892 etiarnsi,
560 3829 726 3894 quaenam
751 3808 893 3890 vestigia
911 3805 1140 3892 philosophiae
1156 3805 1191 3869 in
1206 3803 1282 3869 rhe-

162 3915 269 3980 torica
299 3917 448 3999 exstent,
481 3914 629 3981 nondum
666 3915 872 4000 anquisitum
904 3914 957 3995 sit,
990 3911 1082 3977 illam
1113 3910 1156 3975 ad
1193 3911 1282 3976 hanc

163 4019 288 4106 aliquid
319 4021 500 4087 contulisse
533 4042 747 4106 nequaquam
778 4022 891 4104 negari
923 4020 1052 4105 nequit,
1085 4018 1282 4105 pracsertim

163 4125 206 4192 ad
248 4132 400 4194 statuum
445 4129 630 4194 doctrinam
670 4128 838 4194 subtiliter
877 4128 1094 4213 explicatam,
1135 4124 1175 4191 de
1215 4146 1282 4211 qua

164 4255 302 4316 agimus.
