3198 5054
616 417 837 482 ..93-

168 614 300 680 prorsus
331 591 403 660 fere
434 591 647 680 repudiemus
679 598 818 680 oportet.
865 593 951 675 Quid
974 595 1032 680 qui
1054 594 1172 681 reliqui
1198 598 1288 680 sunt,

167 701 306 768 valeant
329 701 526 786 scriptorum
548 699 622 784 loci,
646 701 702 785 1111,
726 701 784 766 ubi
808 703 855 767 eis
879 705 1023 784 utemur,
1048 701 1244 768 videbimus

255 807 301 873 Ut
338 828 505 874 summam
543 808 645 874 huius
682 808 920 896 disputationis
961 807 1102 887 faciam,
1149 829 1289 895 parvam

166 919 298 1003 partem
312 914 553 983 subtilissimae
571 916 741 982 doctrinae
757 917 1002 999 Hermagoreae
1017 917 1194 983 restituere
1209 938 1289 1002 pos-

167 1043 291 1105 sumus,
325 1043 401 1088 cum
432 1021 473 1087 de
505 1023 652 1090 statibus
683 1024 878 1106 singillatim
908 1024 1064 1090 tractatis
1095 1023 1178 1090 nihil
1209 1023 1289 1090 certi

167 1129 237 1196 erui
268 1131 384 1216 possit,
415 1150 538 1216 neque,
571 1130 636 1196 nisi
666 1131 861 1196 testimonia
892 1133 990 1196 caute
1021 1129 1288 1197 examinabimus

165 1239 398 1323 propriamque
429 1235 576 1302 indolem
607 1236 799 1323 disciplinae
831 1239 984 1303 statuum
1015 1236 1190 1320 diligenter
1213 1258 1288 1324 per-

166 1342 360 1430 pendemus
384 1343 544 1430 proficere
567 1345 750 1430 poterimus
772 1343 809 1408 in
832 1345 896 1410 hac
918 1365 962 1409 re.

255 1448 309 1518 Ad
338 1471 440 1537 quam
465 1471 540 1518 oum
568 1451 766 1533 accedimus
799 1451 976 1537 praecipue
1000 1451 1034 1515 in
1058 1453 1140 1516 artis
1163 1449 1289 1516 funda-

166 1561 283 1626 menta
309 1557 543 1642 inquirendum
575 1561 637 1640 est,
669 1556 758 1644 quod
789 1557 830 1624 de
860 1558 901 1622 iis
932 1551 1143 1643 potissimum
1172 1561 1289 1624 auctor

166 1663 313 1749 optimus
336 1664 546 1746 Augustinus
577 1663 653 1730 fuse
686 1664 753 1746 egit
784 1667 828 1748 et,
861 1663 982 1750 quibus
1012 1665 1112 1730 rebus
1137 1663 1289 1730 doctrina

167 1772 388 1851 contineatur,
412 1791 607 1856 pernoscere
630 1771 768 1836 maximi
792 1771 953 1837 momenti
978 1792 1056 1836 esse
1075 1774 1180 1856 patet

255 1877 305 1944 Ac
335 1877 478 1964 primum
509 1877 642 1964 quidem
674 1879 854 1964 quaeritur,
887 1900 955 1964 qua
984 1878 1114 1944 ratione
1144 1876 1286 1943 Herma·

166 2005 264 2068 goras
294 1983 493 2050 rhetoricam
524 1984 721 2050 definiverit
768 1984 869 2050 tinius
900 2005 1104 2071 quamquam
1134 1985 1182 2050 rei
1212 1983 1287 2050 illu-

166 2091 326 2160 strandae
349 2092 478 2158 occasio
501 2092 570 2158 iam
594 2113 695 2178 supra
723 2092 820 2158 nobis
851 2091 934 2158 data
965 2095 1046 2174 erat,
1076 2095 1193 2158 tamen
1219 2091 1286 2156 ista

166 2199 319 2286 quaestio
334 2197 485 2264 nondum
496 2199 654 2285 expedita
665 2202 718 2264 est
730 2220 836 2284 eoque
848 2200 959 2264 minus
973 2197 1169 2283 omittenda,
1187 2197 1286 2285 quod,

167 2306 286 2392 quanti
309 2306 533 2388 Hermagorae
561 2306 731 2372 rhetorum
759 2327 883 2372 munus
907 2327 1009 2392 quam
1037 2306 1287 2372 accuratissime

165 2413 345 2478 terminare
368 2412 532 2478 interesse
556 2413 747 2498 oportuerit,
779 2412 845 2478 illic
868 2412 1013 2478 vidimus
1041 2415 1076 2478 et
1104 2414 1174 2478 eius
1204 2411 1286 2477 defi-

166 2520 292 2585 nitione
331 2523 418 2586 recte
457 2524 633 2605 perspecta
671 2522 824 2586 statuum
862 2519 1034 2606 partitioni
1071 2520 1135 2604 ipsi
1173 2518 1287 2583 lumen

166 2626 280 2692 afferri
304 2627 487 2713 apparebit.
525 2625 618 2692 Haec
640 2627 741 2710 igitur
763 2611 870 2692 habes
894 2625 1098 2706 testimonia,
1124 2646 1141 2690 e
1165 2625 1286 2711 quibus

165 2732 349 2798 rhetoricae
385 2731 535 2799 definitio
568 2734 793 2817 Hermagorae
826 2734 956 2798 restitui
992 2735 1113 2819 potest,
1153 2733 1188 2796 in
1218 2751 1285 2796 uno

165 2844 347 2926 conspectu
368 2840 488 2925 posita.

259 2967 285 3032 1.
309 2964 371 3031 Cic.
395 2965 436 3030 de
466 2966 533 3030 inv.
557 2967 571 3031 l
599 2967 629 3047 5,
643 2965 680 3030 a:
722 2966 921 3030 »oratoriam
951 2964 1150 3030 facultatem
1180 2965 1214 3028 in
1246 2983 1285 3027 eo

166 3093 286 3155 genere
320 3092 491 3158 ponemus,
528 3077 564 3138 ut
599 3093 674 3138 eam
709 3071 814 3137 civihs
849 3071 1008 3138 scientiae
1046 3072 1176 3156 partem
1212 3090 1286 3135 esse

166 3178 324 3246 dicamus,
360 3178 417 3260 (Cf.
432 3179 472 3245 de
489 3185 571 3245 orat.
584 3180 627 3245 ΙΙΙ
643 3180 695 3262 28,
713 3179 791 3263 109;
815 3178 967 3266 31,123.)
999 3176 1154 3243 Officium
1172 3179 1287 3241 autem

166 3286 238 3352 aius
260 3285 434 3352 facultatis
458 3286 688 3352 videturesse
720 3286 827 3352 dicere
852 3285 1004 3372 apposite
1028 3282 1072 3350 ad
1094 3283 1286 3370 persuasio-

165 3413 261 3475 nem;
285 3393 332 3475 (ct.
350 3393 391 3458 da
415 3393 656 3482 01131138)
678 3393 757 3459 finis
780 3391 981 3479 persuadere
1005 3390 1208 3477 dictione.«¹)

255 3500 283 3565 2.
308 3502 404 3565 Auct.
426 3500 469 3566 ad
492 3501 568 3566 Her.
589 3500 603 3565 l
626 3501 705 3582 2‚2:
744 3498 912 3565 »Oratoris
937 3499 1081 3564 officium
1105 3502 1157 3564 est
1181 3498 1222 3563 de
1245 3497 1285 3562 iis

164 3607 264 3672 rebus
287 3626 387 3693 posse
411 3607 528 3690 dicere,
553 3627 716 3693 quaeres
740 3607 780 3673 ad
806 3627 904 3672 usum
929 3606 1059 3672 civilem
1083 3605 1230 3670 moribus
1246 3625 1286 3670 ao

164 3712 293 3796 legibus
317 3715 523 3780 constitutae
547 3717 636 3797 sunt,
662 3735 737 3779 cum
758 3712 957 3779 adsensione
982 3712 1181 3795 auditorum,
1206 3732 1285 3797 quo·

166 3819 209 3886 ad
232 3821 303 3886 eius
326 3820 400 3888 fieri
423 3821 573 3907 poterit«

255 4069 336 4140 11111.
355 4069 510 4125 Philodem.
529 4069 602 4124 rhet.
621 4069 676 4124 vol.
696 4069 753 4140 lp.
767 4067 853 4134 21131
874 4067 921 4136 (cf.
940 4067 1028 4138 suppl.
1042 4064 1243 4208 1111115111

165 4155 209 4212 διὰ
228 4156 305 4228 λόγου
276 4158 503 4230 ovpmopmoirr
481 4159 588 4212 πείθειν
605 4155 679 4214 τέλος
696 4155 801 4212 r’orlrr
769 4156 896 4227 τῆςρητο
897 4159 1029 4227 emim
1097 4156 1204 4207 πειέινθ

164 4248 420 4315 Cf.ibid.17‚33;
440 4248 590 4312 1121715.
