3198 5054
611 395 857 462 -139-

175 576 223 658 γη,
258 576 428 647 παίδευσις,
465 575 577 656 ἡλικία,
614 577 709 658 φύσις
762 577 895 656 natura,
910 575 1014 656 actae,
1032 573 1215 659 disciplina,
1228 572 1296 638 for-

174 689 282 765 ψυχῆς
296 682 351 745 καὶ
367 682 523 763 σώματος,
548 683 708 765 ἐπιτηδεύ-

174 813 266 871 ματα,
289 791 428 870 πράξεις,
457 791 475 852 δ
502 790 556 852 καὶ
579 789 707 872 ἰσχυρό-

174 919 265 959 τατον
296 897 483 978 κεφάλαιον,
500 897 609 979 ξτύχη,
643 897 710 960 οἷον

175 1004 325 1073 πλούσιος
347 1005 366 1085 ἢ
390 1005 496 1085 πένης,
520 1004 573 1067 καὶ
595 1003 632 1066 τὰ
647 1027 709 1067 τοι-

176 1109 262 1173 αὕτα·

223 1214 343 1298 145,4;
377 1217 479 1283 ..τὰ
507 1224 562 1300 τῆς
584 1218 711 1300 τύχης

56 1410 60 1414 .
177 1324 347 1406 οἰκειότερά
390 1325 451 1388 έοτι
487 1331 542 1407 τῆς
585 1325 709 1410 ὃυνὶά-

175 1455 381 1512 μεως...

763 684 858 762 tuna,
895 679 1016 762 studia,
1048 701 1181 763 nomen,
1217 683 1297 746 ante

763 787 866 870 iacta,
892 787 1039 855 habitus

768 1231 769 1236 ’
810 1215 885 1298 326,
898 1215 957 1280 20:
980 1215 1015 1278 in
1032 1211 1095 1279 hoc
1106 1213 1178 1300 ipso
1191 1214 1298 1296 magis

765 1320 977 1409 tyrannidem
1006 1319 1196 1387 adfectasse
1223 1341 1298 1406 per·

765 1429 933 1516 spiciatur,
966 1427 1055 1515 quod
1084 1426 1206 1495 dives
1238 1432 1298 1494 est.

764 1537 836 1602 Hoc
860 1537 948 1602 enim
972 1539 1034 1618 est,
1060 1554 1162 1620 quare
1182 1533 1298 1600 videa-

764 1648 820 1710 tur
842 1665 910 1708 nen
934 1641 1032 1708 modo
1050 1645 1165 1727 optare
1190 1640 1299 1707 domi-

764 1753 894 1836 natum,
927 1749 986 1815 sed
1017 1751 1119 1814 etiam
1150 1769 1208 1835 per
1239 1748 1299 1813 dc-

675 1888 679 1898 ·
765 1859 923 1924 mesticas
953 1857 1065 1943 copias
1088 1877 1218 1942 posse
1242 1859 1299 1943 ty-

225 2105 352 2189 145,5:
389 2108 427 2172 τὰ
460 2115 515 2190 τῆς
546 2110 711 2191 ἡλικίας

181 2215 364 2297 (οἰκειότερά
387 2215 460 2298 ἔστι)
490 2223 544 2299 τῆς
570 2217 710 2299 βουλή-

180 2346 283 2392 σεως.

223 2675 253 2741 4.
284 2675 441 2759 145,15:
479 2679 516 2742 τὰ
551 2681 713 2764 ἀπ’ἀρχῆς

180 2785 252 2867 ἄχρι
274 2786 391 2856 τέλους.

225 2927 254 2990 5.
281 2925 353 3008 146,
371 2929 405 2992 l:
429 2931 448 3012 ἡ
471 2931 632 3013 ἀντίληψις
652 2932 712 2994 οὐκ

190 3035 230 3056 31

181 3057 235 3097 αει.

225 3139 253 3205 6.
281 3139 403 3222 146,8;
427 3145 446 3226 ἡ
469 3145 651 3228 μετάληψις.

224 3247 253 3313 7.
282 3246 353 3332 146,
364 3248 420 3314 25:
444 3253 646 3334 ἡμετάθεσις
660 3261 715 3337 τῆς

182 3357 278 3427 αἰτίας
299 3347 381 3438 πρὸς
403 3358 440 3419 τὰ
465 3359 627 3443 ἀπ’ἀρχῆς
642 3362 715 3443 ἄχρι

182 3462 288 3533 τέλους

226 3577 256 3650 a)
281 3573 314 3635 έν
337 3572 443 3653 λόγοις

225 3675 258 3762 b)
283 3679 316 3741 έν
339 3680 442 3761 ἔργοις
524 3695 526 3700 ’

231 3781 303 3867 147,
317 3783 355 3849 43
371 3787 438 3867 ἐρεῖ
451 3837 457 3849 .
475 3834 491 3860 .,
508 3788 553 3850 ὅτι
564 3788 664 3851 καλὸν
679 3788 715 3851 τὸ

181 3891 254 3961 τοὺς
277 3893 420 3974 ἀτάφους
442 3895 582 3957 θάπτειν.

764 1965 940 2031 rannidem
965 1985 1134 2049 occupare.
1222 1971 1224 1976 ’

811 2107 885 2191 326,
899 2107 937 2173 6;
961 2106 1014 2173 hic
1030 2106 1093 2172 dici
1109 2109 1222 2193 potest
1239 2105 1299 2172 ad-

765 2215 892 2282 fectare
932 2212 1147 2302 tyrannidem
1182 2212 1299 2280 adule-

766 2345 873 2406 εοεαε,
890 2321 1089 2408 quiahaec
1112 2323 1237 2386 aetas
1254 2320 1301 2385 ad

766 2429 995 2496 audaciam
1013 2449 1223 2514 praeceps
1240 2430 1301 2492 at-

767 2557 845 2622 que
869 2535 1115 2602 temeraria.

811 2679 840 2746 4.
865 2678 940 2761 326,
956 2677 1015 2744 24:
1049 2699 1070 2742 a
1098 2698 1228 2742 summo
1258 2677 1300 2742 ad

767 2808 879 2852 rmum.

812 2931 841 2996 5.
867 2930 941 3014 326,
957 2929 1016 2994 36;
1046 2928 1225 3014 aliquando
1249 2927 1302 2992 ius

768 3036 969 3103 absolutum.

814 3254 843 3319 6.
868 3251 1006 3334 326,33;
1027 3248 1188 3316 derivatio
1202 3267 1244 3312 ex
1255 3247 1303 3310 rei

769 3363 864 3446 parde

816 3785 890 3866 327,
903 3786 962 3851 25:
995 3783 1153 3870 sepelisse
1185 3802 1303 3867 cerpus

770 3892 993 3959 humanitatis
1011 3895 1046 3956 et
1061 3889 1303 3955 misericordiae

771 4021 875 4065 causa
901 3999 1017 4083 magiS,
1051 4019 1152 4083 quom
1181 3999 1213 4061 in
1247 4017 1303 4060 sc-

770 4106 910 4173 litudine
932 4105 1120 4171 invenisset
1141 4102 1302 4183 relictum,

771 4213 827 4279 ubi
845 4234 942 4279 nemo
958 4213 1101 4278 fortasse
1116 4211 1200 4276 alius
1214 4212 1305 4274 esset
