3198 5054
748 395 992 462 -138-

400 569 531 654 Restat,
548 575 588 637 ut
604 574 879 640 communitatem
897 572 1011 655 fontis,
1029 593 1046 639 e
1064 595 1128 660 quo
1146 573 1313 660 Sulpicius
1329 576 1432 660 etque

310 677 537 760 Hermogenes
572 677 769 761 hauserunt,
805 679 895 766 locis,
932 680 989 767 qui
1022 681 1110 748 inter
1146 702 1182 747 se
1217 680 1431 767 respondent,

311 784 543 871 comparandis
566 784 782 852 illustremus.

501 891 654 975 Hormog.
866 951 869 960 .
1072 894 1162 980 Sulp.
1178 895 1263 962 Vici.

64 996 86 1064 l
104 996 311 1063 Coniectura.
360 998 843 1084 1.143,7;τὸπαρογραφικύν1λ

356 1109 388 1189 α)
412 1107 555 1170 ἀπὸτοῦ
579 1108 739 1179 λείποντος

355 1213 386 1294 b)
411 1214 475 1277 ἀπὸ
498 1221 554 1277 τοῦ
568 1215 829 1298 ’ὑπερβάλλοντος

356 1319 386 1404 c)
411 1319 520 1404 ἀφ’ὦν
528 1322 626 1403 ἕτεροι
637 1325 845 1405 πεποιήκασιν

357 1425 388 1510 d)
411 1427 491 1492 κατὰ
514 1429 640 1510 χρόνον.
714 1473 719 1484 .
904 1477 906 1482 ,

356 1535 385 1600 2.
412 1534 558 1620 143,27:
582 1537 602 1617 ἡ
622 1541 687 1598 τῶν
707 1537 845 1618 ἐλέγχων
948 1537 973 1600 l.
999 1535 1074 1618 325,
1092 1535 1152 1600 30:
1198 1535 1432 1620 probationum
1521 1569 1523 1576 >

311 1644 474 1726 ἀπαίτησις
611 1675 619 1690 ·
901 1641 1060 1727 expetitio
1085 1662 1129 1706 ex
1150 1641 1198 1706 rei
1220 1644 1324 1727 perte.

356 1749 387 1836 e)
411 1749 466 1814 ἐὰν
488 1747 567 1813 ὦσιν
588 1751 619 1812 οῖ
636 1750 803 1832 μάρτυρες,
827 1751 846 1813 ὁ
946 1749 1020 1830 328,
1035 1747 1064 1813 9.

311 1859 442 1940 φεύγων
476 1858 536 1920 ούκ
575 1857 736 1939 ἀπαιτήσει
772 1856 847 1926 τοὺς

310 1966 474 2046 μάρτυρας
509 1960 559 2044 (ef.
586 1982 709 2027 nomen
745 1960 845 2027 huius

312 2069 476 2155 capitisl),
511 2070 588 2133 ἀλλὰ
621 2071 768 2152 διαβαλεῖ,
800 2071 846 2134 ὅτι
918 2071 920 2076 ’

311 2178 356 2260 μή
382 2178 431 2240 δεῖ
449 2178 610 2241 πιστεύειν.

361 2280 433 2364 143,
446 2282 505 2346 28:
533 2281 723 2368 exemplum
746 2281 847 2368 paulo
946 2281 1086 2364 331,14.

313 2390 393 2454 ante
420 2389 456 2453 in
479 2389 763 2474 comparationem
785 2410 846 2454 vo·

314 2500 435 2562 cetum.

360 2603 503 2686 144,10:
523 2606 607 2668 τουτὶ
623 2606 683 2686 γάρ
699 2628 749 2668 σοι
764 2606 846 2668 narl-
947 2601 1022 2684 332,
1036 2603 1072 2667 2:
1119 2601 1157 2667 ln
1185 2623 1250 2688 quo
1278 2601 1350 2668 loco
1378 2600 1432 2668 ille

313 2713 389 2776 όλοο
435 2713 506 2793 περὶ
551 2713 726 2793 μαρτύριον
768 2714 847 2776 ἔστω
902 2710 1087 2776 communis
1118 2708 1160 2775 de
1187 2707 1254 2774 fide
1286 2712 1433 2774 tormen-

312 2817 454 2901 τεχνοιὸν
477 2819 645 2900 θεώρημα.
902 2819 1012 2882 torum
1035 2816 1128 2882 locus
1152 2866 1159 2882 .
1183 2866 1190 2882 .
1215 2867 1221 2880 .

359 2923 391 3011 b)
414 2925 469 2989 ἐὰν
496 2925 541 3007 μή
567 2923 645 2988 ὦσιν
669 2927 700 2989 οἶ
725 2927 845 3007 μάρτυ-

314 3058 375 3116 ρες,
403 3033 422 3095 ὁ
445 3033 577 3116 φεύγων
601 3033 762 3114 ἀπαιτήσει
790 3033 846 3095 αύ-

313 3141 481 3210 τούς...

359 3246 388 3310 3.
415 3245 487 3329 144,
501 3245 560 3311 24:
584 3249 604 3329 ή
625 3248 775 3330 βούλησις
795 3247 849 3310 καὶ
948 3245 976 3309 2.
1001 3243 1120 3329 326,1;
1144 3241 1435 3309 voluntatislocus

313 3355 333 3435 ἡ
348 3354 480 3435 δύναμις
495 3354 559 3416 ἀπὸ
570 3359 633 3417 τῶν
645 3355 847 3435 παρακολοο-
902 3351 1035 3436 utrique
1059 3351 1146 3437 parti
1170 3349 1353 3415 communis
1375 3353 1435 3414 est.

315 3460 463 3523 ύούντων
477 3466 523 3541 τῷ
543 3463 711 3542 προσώπῳ
728 3462 848 3541 γίνεται,
902 3458 939 3522 ln
964 3478 1029 3544 quo
1054 3459 1253 3540 argumenta
1283 3459 1363 3522 sunt
1393 3474 1435 3520 cx

316 3568 459 3650 δηλονότι
469 3569 847 3649 τῶνέγκωμιαστοιῶν...
903 3565 1155 3646 circumstantia
1180 3583 1343 3650 personae
1367 3611 1373 3628 .
1398 3614 1404 3628 .
1429 3613 1436 3628 .

904 3670 1080 3753 ef.32c,18:
1090 3669 1434 3744 3.fecultelislocus.,

363 3780 434 3859 144,
447 3781 502 3847 29:
518 3782 555 3844 τὰ
569 3782 603 3846 δὲ
615 3780 847 3864 ἐγκωμιαστικὰ
948 3777 1023 3859 326,
1036 3777 1074 3842 4:
1099 3777 1358 3843 Circumstanlia
1374 3787 1435 3841 au-

316 3890 458 3972 ὅηλονότι
474 3889 536 3953 ἐστὶ
549 3890 632 3972 τάδε,
649 3890 747 3969 γένος,
761 3888 847 3968 ‹ipo›-
903 3887 971 3949 tem
995 3905 1212 3970 personarum
1237 3887 1290 3950 est
1320 3903 1435 3966 genus,

314 4049 400 4118 igitur
424 4064 606 4118 personarum
630 4046 831 4111 olfactuum,
856 4061 926 4117 ques
951 4046 1063 4101 Stoicos
1088 4063 1150 4101 esse
1174 4046 1203 4100 in
1228 4046 1321 4116 capite
1345 4045 1434 4100 altero

316 4137 568 4208 comprobavimus,
584 4151 622 4190 ex
642 4139 703 4191 erte
723 4135 890 4190 Theodorou
908 4136 1061 4191 fluxerunt.

406 4227 424 4296 ¹)
444 4227 563 4294 August.
582 4242 609 4295 p.
625 4225 754 4291 143,2H.
792 4225 834 4279 Cf.
855 4224 931 4296 Sulp.
951 4225 1023 4281 vict.
1043 4243 1070 4297 p.
1084 4225 1145 4291 347,
1156 4225 1200 4279 31.
