3198 5054
758 432 1003 498 -132-

318 607 484 692 librorum,
518 609 575 695 qui
606 611 686 674 sunt
715 612 787 694 περὶ
820 612 923 685 ἰδεῶν,
958 610 1008 676 ita
1041 608 1174 675 locutus
1207 613 1259 676 est
1290 611 1333 696 (p.
1365 608 1440 693 396,

321 716 362 780 12
393 714 475 801 spi:
507 719 567 780 ἔστι
599 767 605 780 .
630 769 636 783 .
667 723 759 781 τοῦτο
792 719 932 802 μεγάλης
966 718 1020 782 καὶ
1053 719 1242 802 τελιωτάτης
1272 721 1443 803 ἐπιστήμης

318 821 405 906 οἶμαι
420 821 455 887 τὸ
467 825 607 906 χρῆσθαι
621 831 685 895 τοῖς
700 831 822 907 καιροῖς
837 825 951 889 εἰδέναι
962 850 994 888 τε
1006 825 1060 889 καὶ
1074 826 1239 890 δύνασθαι.
1263 823 1443 890 Praeterea

318 928 481 994 Theodori
505 927 653 994 scholam
676 928 827 996 redolent
850 932 941 997 haec.
973 930 1115 997 Perinde
1137 933 1239 1016 atque
1255 933 1283 996 is
1299 931 1442 998 Hermo-

318 1056 420 1120 genes
454 1056 585 1121 quoque
625 1037 799 1102 occasione
839 1037 921 1102 data
955 1037 1095 1120 singulis
1130 1038 1318 1104 rationibus
1351 1038 1442 1104 locos

219 1181 222 1187 ·
318 1163 511 1208 communes
536 1141 706 1228 admiscet,
732 1165 807 1210 cum
832 1143 1015 1210 secundum
1037 1144 1275 1230 Apollodoreos
1298 1149 1330 1210 oi
1350 1147 1442 1211 τόποι

317 1251 357 1315 ut
386 1248 544 1315 orationis
575 1269 653 1335 pars
685 1249 861 1334 singularis
893 1273 1024 1337 semper
1046 1273 1115 1318 una
1139 1251 1342 1318 collocentur
1364 1256 1443 1338 post

316 1357 426 1422 totam
457 1356 780 1438 argumentationem
809 1360 996 1443 oporteat.1)
1042 1358 1127 1424 Vide
1151 1357 1206 1444 Sp.
1222 1358 1251 1422 lI
1277 1357 1349 1442 147,
1366 1358 1442 1444 432)

318 1461 392 1546 154,
417 1463 476 1547 253
511 1462 583 1545 162,
609 1463 646 1546 5;
681 1462 754 1546 170,
779 1462 838 1546 26;
874 1463 947 1545 173,
972 1464 1024 1531 29.
1074 1463 1194 1551 Capita
1225 1486 1356 1551 quoque
1387 1474 1443 1555 τῆς

316 1571 522 1655 πηλικότητος
545 1572 581 1634 et
602 1577 658 1634 τοῦ
681 1572 763 1653 πρός
785 1596 821 1644 τι,
846 1590 932 1656 quae
955 1570 991 1636 in
1010 1570 1175 1638 Theodori
1198 1569 1351 1636 doctrina
1373 1592 1441 1637 non

315 1676 420 1742 fuisse
444 1675 568 1742 nullius
592 1677 754 1770 momenti
777 1675 1003 1758 Quintilianus
1026 1677 1165 1764 refert,⁸)
1190 1677 1280 1763 apud
1299 1676 1440 1744 Hermo-

316 1804 435 1867 genem
458 1783 676 1868 reperimus.4)
714 1783 830 1870 Neque
854 1784 955 1868 igitur
978 1783 1130 1850 dubitare
1146 1806 1335 1871 possumus²
1360 1785 1442 1870 quin

316 1891 370 1958 hic
400 1889 494 1956 illum
524 1891 558 1955 in
592 1890 757 1976 capitibus
789 1891 984 1956 enarrandis
1017 1893 1151 1958 secutus
1180 1892 1231 1957 sit.
1278 1893 1441 1957 Attamen

316 2001 491 2084 praeterea
521 1997 702 2081 vestigium
727 1996 896 2063 doctrinae
920 1996 1215 2083 Apollodoreorum
1238 1999 1272 2064 in
1296 1998 1440 2065 Hermo-

281 2187 284 2193 Δ
316 2105 410 2188 genis
441 2106 591 2170 tractatu
622 2105 774 2169 statuum
806 2108 946 2190 apparet
976 2105 1050 2170 istis
1080 2105 1191 2171 verbis
1225 2109 1264 2190 (p.
1296 2104 1368 2189 149,
1391 2107 1440 2188 7);

316 2215 347 2276 oi
358 2213 495 2293 ἐπίλογοι
503 2213 716 2295 λαμβάνονται
728 2213 781 2294 ἀφ’
793 2210 901 2295 ὧνπερ
914 2262 920 2276 .
934 2261 940 2276 .
953 2213 1006 2276 καὶ
1017 2212 1054 2276 τὰ
1066 2214 1218 2296 προοίμια
1230 2214 1284 2277 καὶ
1296 2214 1443 2296 ιάχύαυσί

316 2343 350 2401 γε
372 2319 409 2381 τὰ
433 2319 531 2382 αὐτά·
554 2320 683 2389 πάθους
707 2320 767 2402 γὰρ
790 2327 899 2403 ψυχῆς
914 2321 1006 2384 ἕνεκα
1022 2321 1173 2402 εἰσάγεται
1189 2322 1301 2404 ἄμφω,
1318 2320 1439 2406 quippe

317 2423 447 2510 quibus²
479 2427 518 2489 ut
550 2445 568 2490 e
594 2423 731 2490 Cornuti
762 2426 843 2491 artis
873 2426 1058 2492 rhetoricae
1086 2427 1229 2511 epitome
1254 2425 1287 2514 (ξ
1311 2428 1355 2494 27
1379 2428 1438 2514 sq.)

317 2531 584 2618 cognoscimus‚⁶)
608 2531 739 2598 illorum
763 2534 933 2598 sententia
955 2533 1148 2618 proferatur.

406 2673 502 2739 Nunc
518 2674 762 2760 anquirendum
778 2678 839 2757 est,
861 2696 948 2760 quae
964 2676 1049 2740 ratio
1065 2676 1153 2741 inter
1169 2675 1386 2760 Hermogenis
1404 2682 1438 2744 et

319 2781 456 2866 SulpIoii
468 2780 611 2846 Victoris
635 2783 826 2864 tractatum,
852 2782 908 2866 qui
931 2782 1045 2847 multis
1068 2787 1167 2851 rebus
1190 2783 1277 2849 inter
1300 2805 1336 2850 se
1360 2805 1439 2850 oon-

315 2889 448 2970 gruant,
472 2887 693 2974 intercedat.⁶)

405 3031 453 3095 Ao
475 3030 617 3115 primum
640 3030 773 3116 quidem
796 3030 885 3096 hunc
909 3053 952 3096 ex
974 3030 1029 3096 illo
1046 3052 1115 3097 non
1137 3031 1278 3098 fluxisse
1299 3033 1437 3098 domon-

316 3137 414 3202 strari
429 3138 549 3222 potest.
589 3136 754 3222 Sulpicius
770 3135 919 3203 Victore
936 3135 1137 3204 Graecorum
1154 3138 1283 3204 artibus
1300 3160 1336 3205 se
1351 3140 1437 3205 hau-

316 3245 399 3309 sisse
430 3244 500 3329 ipse
531 3242 611 3309 dicit
641 3243 841 3330 (p.315,13
865 3243 921 3332 H.)
954 3247 989 3310 et
1020 3250 1190 3311 auctorem
1222 3247 1437 3332 praecipuum

316 3349 483 3415 Zenonem
507 3353 608 3415 vocat
631 3348 673 3437 (p.
690 3351 763 3433 313,
777 3350 818 3437 3).
864 3350 933 3416 Iam
959 3351 988 3417 si
1011 3353 1170 3437 imprimis
1192 3351 1437 3434 Hermogenem

405 3633 424 3704 ¹)
444 3633 538 3701 Quint.
551 3635 576 3687 V
591 3634 631 3700 13,
642 3634 689 3701 59;
710 3634 821 3690 Schanz
835 3637 852 3689 l.
865 3635 910 3690 all.
924 3651 951 3706 p.
964 3636 1013 3704 47;
1034 3636 1158 3692 Theonis
1171 3654 1249 3708 prcg.
1264 3637 1311 3708 Sp.
1324 3638 1350 3693 11
1359 3638 1403 3704 65,
1411 3639 1437 3694 2.

405 3723 425 3793 ⁹)
447 3723 488 3778 Of.
509 3723 570 3794 Syr.
590 3725 619 3780 in
638 3725 768 3794 Hermog.
788 3741 888 3780 comm.
907 3742 933 3779 v.
953 3725 977 3779 Il
996 3743 1023 3796 p.
1036 3725 1204 3791 8172213.

405 3812 627 3882 bffldffiffl.

404 3902 423 3971 ⁴)
444 3919 469 3972 p.
487 3901 587 3970 1514,
609 3903 709 3968 158,1;
732 3903 850 3970 162,16;
873 3904 931 3969 168,
942 3903 989 3970 29;
1010 3903 1069 3969 170,
1080 3904 1128 3970 32;
1151 3904 1208 3970 172,
1223 3903 1316 3970 1719.

404 3991 423 4060 ⁶)
443 3991 485 4044 cf.
505 3991 569 4046 ibid.
589 4010 616 4063 p.
633 3992 739 4056 isar.

403 4079 422 4150 ⁶)
442 4079 484 4134 Cf.
503 4081 536 4135 A.
550 4080 666 4134 Reuteri
679 4097 779 4135 comm.
794 4083 848 4136 vol.
859 4081 973 4137 XXVIII
986 4081 1105 4137 Hermae
1117 4083 1179 4150 Ins,
1190 4099 1264 4154 quae
1276 4083 1437 4138 inscribitur

314 4167 567 4239 Untersuchungen
588 4186 623 4223 zu
643 4169 696 4223 den
710 4169 867 4226 romischen
880 4171 1121 4244 'lechnographen
1134 4172 1330 4238 Fortunatian,
1344 4169 1437 4228 Julius

313 4255 419 4322 Vlctor,
440 4257 552 4328 Capella
572 4258 628 4313 und
647 4257 781 4330 Sulpitius
800 4259 905 4314 Victor.
