3224 5044
773 443 995 507 ..16-

321 624 487 706 ἀμφότερα
500 621 613 696 εἰκότα,
630 624 692 686 ἔστι
705 622 740 685 δὲ
750 621 786 685 τὸ
793 622 853 705 μὲν
865 623 958 697 εἰκός,
970 622 1006 686 τὸ
1020 622 1054 686 δὲ
1066 623 1126 706 οὐχ
1139 623 1249 694 ἁπλῶς
1260 623 1327 686 ἀλλ’
1337 625 1445 706 ὥσπερ

321 731 437 812 εἴρηται
470 730 527 813 (so.
557 729 585 792 τὶ
615 729 755 814 εἰκός).1)
800 727 1017 794 Luculentius
1054 748 1156 814 quam
1186 727 1240 794 his
1275 729 1444 814 exemplis,

321 837 486 920 quantum
502 836 570 900 iam
595 838 677 900 tuno
698 832 788 921 apud
812 836 960 901 oratores
983 833 1134 901 rhetores
1158 834 1287 901 Siculos
1311 837 1444 901 secutos

319 943 406 1010 ratio
431 943 502 1007 veri
525 941 751 1008 similitudinis
774 941 933 1027 valuerit,
958 941 1176 1028 Antiphontis
1204 942 1311 1028 prima
1338 944 1445 1008 tetra-

321 1048 410 1132 logia
441 1051 477 1115 et
508 1049 548 1115 de
579 1050 680 1116 oaede
708 1047 850 1116 Herodis
881 1049 1031 1116 oratione
1062 1048 1285 1132 illustraturfl)
1330 1049 1368 1114 [n
1396 1048 1443 1115 eis

324 1154 474 1239 legendis
499 1155 635 1223 eaedem
658 1157 806 1222 rationes
822 1156 920 1223 nobis
937 1159 1122 1238 occurrunt,
1148 1177 1232 1243 quas
1248 1156 1354 1223 multo
1370 1159 1446 1242 post

319 1263 354 1327 in
379 1263 530 1328 statuum
555 1263 706 1329 doctrina
728 1263 929 1346 invenimus,
954 1265 993 1328 ut
1015 1283 1069 1330 res
1091 1259 1167 1349 ipsa
1194 1263 1266 1328 fert.
1312 1261 1445 1328 Etenim

321 1368 521 1456 quicumque
546 1391 563 1435 e
587 1369 823 1456 probabilitate
847 1373 1047 1452 argumenta
1070 1370 1189 1436 ducere
1205 1369 1289 1451 vult,
1314 1369 1445 1436 noverit

321 1479 467 1563 oportet,
507 1476 586 1564 quid
618 1477 735 1563 cuique
765 1477 813 1542 rei
844 1479 880 1543 et
910 1475 989 1563 quid
1020 1477 1139 1562 auique
1174 1476 1301 1542 homini
1335 1476 1444 1543 soleat

321 1583 518 1670 assideres)
551 1584 708 1670 respiciat
734 1583 835 1667 igitur
863 1605 913 1668 ea,
946 1605 1033 1670 quae
1056 1584 1279 1666 Hermagoras
1307 1583 1342 1648 in
1370 1586 1443 1648 erte

321 1711 385 1759 sua
408 1711 491 1758 vooe
514 1694 727 1776 aratorumne
743 1689 994 1778 comprehendit
1008 1712 1162 1777 quaeque
1178 1692 1214 1756 in
1229 1689 1443 1758 coniecturali

321 1797 534 1883 potissimum
558 1800 651 1864 statu
675 1797 918 1864 consideranda
941 1799 1057 1880 suntf)
1096 1796 1180 1864 Vide
1203 1795 1313 1863 Herm.
1338 1796 1392 1882 Sp.
1414 1795 1444 1860 Η

320 1903 394 1986 145,
409 1905 467 1970 15:
493 1906 538 1969 Τὰ
563 1907 614 1969 ἀπ’
633 1909 734 1990 ἀρχῆς
757 1907 830 1990 ἄχρι
852 1908 960 1978 τέλους
984 1908 1096 1988 γίνεται
1118 1909 1172 1970 καὶ
1200 1907 1365 1979 αὐξάνεται
1388 1905 1441 1988 ἀφ’

319 2009 497 2097 ὧνπερκαί
517 2016 617 2096 ἡτῶν
641 2015 778 2096 ἐλέγχων
802 2015 972 2096 ἀπαίτησις,
997 2016 1059 2078 ἔστι
1083 2014 1214 2077 δὲτάδε
1236 2015 1288 2087 τίς,
1311 2015 1347 2086 τί,
1370 2018 1442 2088 ποῦ,

318 2125 398 2194 πῶς,
410 2121 495 2194 πότε,
508 2121 559 2184 διὰ
571 2123 606 2183 τί.
618 2158 663 2167 -
675 2118 809 2206 Syriani
819 2119 854 2184 in
866 2118 1019 2204 Hermog.
1029 2139 1145 2185 oomm.
1155 2141 1185 2185 v.
1196 2119 1225 2184 Π
1237 2139 1267 2204 p.
1276 2119 1297 2184 7
1300 2118 1331 2202 6,
1341 2121 1381 2183 11
1392 2117 1441 2184 R.:

319 2227 454 2291 καλεῖται
478 2227 513 2290 δὲ
536 2228 589 2291 κοί
612 2228 747 2292 εἰκότα.
779 2225 889 2292 Huius
913 2227 1031 2312 eapitis
1055 2227 1236 2308 conversio,
1260 2247 1347 2313 quae
1364 2225 1443 2290 dioi-

318 2339 374 2398 tur
396 2335 516 2417 πιθανὴ
541 2336 703 2417 ἀπολογία,
736 2333 779 2399 ab
809 2332 1019 2417 Hermogene
1050 2333 1103 2398 his
1134 2325 1245 2399 verbis
1277 2331 1444 2418 explicata

320 2438 360 2526 (p.
385 2439 459 2516 147,
474 2440 543 2521 29):
575 2442 622 2512 οἷς
646 2492 652 2504 .
678 2492 683 2504 .
708 2443 726 2505 ὁ
750 2443 855 2524 ἔτερος
881 2444 1029 2525 χρήσεται
1057 2443 1103 2511 ὡς
1127 2443 1266 2524 σημείοις
1288 2447 1344 2504 τοῦ
1368 2439 1446 2504 εἶναί

317 2572 353 2621 τι,
364 2548 485 2619 τούτοις
497 2550 515 2613 ὁ
527 2551 632 2631 ἕτερος
649 2549 696 2620 ὡς
707 2551 847 2632 σημείοις
858 2550 1005 2633 χρήσεται
1017 2555 1073 2612 τοῦ
1086 2548 1131 2631 μὴ
1146 2548 1225 2611 εἶναί
1234 2572 1270 2621 τι,
1279 2548 1347 2611 οἷον
1360 2548 1441 2610 ὅπου

319 2656 446 2738 ἀφορᾷς
461 2657 515 2719 καί
536 2657 691 2738 δακρύεις,
707 2658 916 2739 τυραννήσας.
933 2657 987 2720 καί
1000 2655 1066 2739 μὴν
1082 2657 1111 2719 εἰ
1128 2655 1258 2738 ἔμελλον
1273 2660 1442 2738 τυραννεῖν,

318 2763 378 2825 οὐκ
417 2765 456 2825 ἂν
491 2764 663 2845 ἀφεώρων,
698 2764 778 2827 ὥστε
809 2762 886 2827 εἶναι
909 2764 1103 2845 καταφανής,
1137 2761 1219 2826 item
1252 2760 1320 2825 iam
1353 2755 1443 2845 apud

319 2866 560 2953 Antiphontem
583 2867 752 2953 reperitur.
799 2868 845 2935 of.
869 2867 1021 2951 tetralog.
1045 2869 1059 2933 Ι
1083 2870 1113 2951 1,
1137 2868 1159 2934 4
1183 2889 1252 2953 sqq.
1277 2887 1352 2932 oum
1375 2866 1390 2931 I
1412 2865 1442 2949 2,

204 3057 206 3064 Α
319 2974 339 3038 3
364 2994 434 3061 sqq.
479 2973 564 3039 Vide
594 2975 755 3061 imprimis
786 2974 807 3064 ξ
831 2975 867 3042 3:
898 2976 944 3040 Εἰ
965 3027 971 3040 .
997 3026 1003 3040 .
1027 2983 1084 3040 νῦν
1112 2977 1162 3040 διὰ
1186 2985 1240 3058 τῆς
1264 2977 1384 3058 ἔχθρας
1405 2974 1441 3036 τδ

317 3085 456 3167 μίγεδος
490 3083 620 3154 είκδιως
654 3086 706 3167 ὑφ’
740 3085 835 3166 ὑμῶν
865 3085 1113 3167 καταδοκοῦμαι,
1144 3085 1218 3166 πρὶν
1249 3083 1442 3166 ἐργάσασθαι

409 3298 427 3364 ¹)
449 3296 491 3351 uf.
510 3297 583 3352 Plat.
607 3296 727 3351 Phaedr.
753 3313 779 3367 p.
792 3295 891 3351 2733:
919 3299 1002 3348 Τοῦτο
1028 3292 1067 3361 δὴ,
1093 3294 1127 3351 ὡς
1151 3295 1226 3358 ἔοικε,
1252 3294 1334 3364 σοφὸν
1358 3295 1438 3366 εὗραν

318 3383 375 3452 ἅμα
392 3389 438 3437 καὶ
455 3385 571 3451 τεχνικὸν
589 3385 703 3457 ἔγραψαν
721 3386 766 3455 (so.
787 3384 801 3436 δ
817 3385 925 3454 Τισίας),
951 3384 985 3441 o‘s
1003 3382 1049 3437 ἐὰν
1066 3405 1106 3441 τις
1124 3383 1238 3451 ἀσθενὴς
1255 3388 1301 3436 καὶ
1320 3381 1441 3455 ἀνδρικὸς

318 3473 420 3545 ὶσχνρίν
431 3479 477 3527 καὶ
489 3471 575 3527 δειλὸν
593 3474 730 3545 συγκόψας,
750 3470 857 3543 ἱμάτιον
874 3475 930 3527 ’τ’τι
948 3471 1013 3526 ἄλλα
1032 3471 1198 3543 ἂφεδιίμενσς,
1219 3467 1253 3530 sis
1271 3470 1439 3545 δικαστήριον

317 3561 420 3632 ἄγηται,
445 3559 487 3616 δεῖ
507 3559 539 3629 δὴ
561 3561 678 3630 τάληθὲς
699 3559 843 3635 μηδέτερον
867 3561 957 3634 λέγειν,
982 3560 1050 3616 ἀλλὰ
1073 3563 1121 3616 τὸν
1144 3562 1194 3630 μὲν
1219 3559 1304 3616 δειλὸν
1327 3563 1365 3631 μὴ
1388 3561 1438 3615 ὕπὸ

316 3650 397 3720 μόνον
410 3651 493 3722 φάναι
504 3656 550 3705 τοῦ
563 3649 685 3725 ἇνδριιιοί
695 3651 879 3722 συγκεκόφθαι,
903 3652 951 3706 τὸν
974 3648 1002 3705 δὲ
1020 3655 1097 3705 ταῦτα
1115 3651 1165 3720 μὲν
1182 3649 1293 3722 ἐλέγχειν
1315 3650 1348 3708 ὡς
1366 3650 1438 3719 μόναι

317 3740 404 3809 ἤστην,
418 3741 506 3808 ἐκείνῳ
523 3738 551 3794 δὲ
567 3740 789 3814 καταχρὴσασθαι
799 3746 837 3808 tq*
848 3745 904 3798 πῶς
917 3738 940 3794 δ
946 3740 980 3794 ἂν
992 3740 1035 3812 ἐντὶ
1053 3738 1156 3794 τοιόσδε
1166 3738 1260 3807 τοιῷδε
1272 3739 1437 3813 ἐπεχείρησας

317 3829 331 3882 δ
351 3827 425 3884 δοίη
444 3829 499 3902 ἐρεῖ
515 3827 547 3897 δὴ
571 3830 620 3897 τὴν
644 3830 734 3884 ἑαυτοῦ
752 3829 843 3899 ιιάιιην,
862 3827 931 3883 ἀλλὰ
943 3850 971 3883 τι
988 3827 1053 3882 ἄλλο
1065 3827 1213 3900 φείδεσθαι
1231 3829 1352 3902 ἑπιχειριῖ
1352 3850 1368 3882 ν
1379 3829 1429 3897 τάχ

317 3918 350 3972 ἂν
368 3917 470 3989 ἐδτγχόν
487 3940 526 3992 πη
543 3917 677 3992 παραδοίη
695 3924 731 3986 sq*
750 3917 882 3986 ἀντιδίκῳ.
900 3923 946 3972 καί
963 3924 1025 3992 περὶ
1036 3912 1122 3973 τᾶλλα
1141 3916 1173 3985 δὴ
1191 3919 1286 3973 τοιαῦτ’
1298 3919 1366 3972 ’ἄττ’
1382 3917 1437 3972 ἐστὶ

315 4008 350 4061 τὰ
363 4011 439 4081 τέχνη
451 4006 585 4078 ίεγίμινα.
609 4009 736 4065 Navarre
754 4010 772 4064 l.
786 4027 807 4066 s
821 4027 842 4065 s
863 4027 889 4081 p.
905 4010 938 4065 1ss
951 4027 1010 4081 sqq.

406 4098 427 4168 ⁹)
446 4098 571 4154 Navarra
589 4099 607 4154 l.
626 4099 671 4154 all.
690 4117 717 4170 p.
730 4099 773 4165 23,
790 4099 840 4154 135
850 4116 910 4171 sqq.

407 4187 427 4257 8)
448 4188 542 4255 Quint.
562 4189 586 4243 V
607 4188 647 4256 10,
663 4189 695 4243 15
708 4206 769 4261 sqq.
789 4191 820 4243 et
837 4190 863 4254 9,
876 4189 894 4242 8
906 4205 966 4260 sqq.

406 4277 425 4346 ⁴)
445 4277 501 4332 Cio.
520 4281 593 4349 part.
614 4281 685 4334 orat.
706 4278 747 4344 10,
759 4277 927 4343 34-11,40.
