3224 5044
775 387 999 452 ..30-

417 564 487 630 Iam
520 565 712 650 priusquam
744 564 802 632 illa
832 565 976 647 vestigia
1011 585 1185 650 eruamuS,
1222 567 1449 652 quaerendum

326 691 400 736 esse
430 671 511 738 mihi
542 670 685 754 videtur,
718 693 782 758 quo
807 672 935 739 iactum
959 673 1013 756 sit,
1046 674 1085 737 ut
1108 671 1273 739 rhetorica
1296 695 1314 739 θ
1338 676 1449 740 causis

325 777 463 860 agendis
502 780 586 860 orta,
626 800 712 864 quae
752 782 832 844 ante
867 779 1081 845 Aristotelem
1121 782 1274 865 quamvis
1309 782 1449 863 argutiis

326 884 408 950 artis
432 886 584 950 eristicae
617 906 656 952 ac
680 884 882 971 sophisticae
906 886 1037 952 imbuta
1060 908 1082 952 a
1104 885 1315 973 philosophia
1337 888 1450 953 aliena

324 991 455 1075 fuisset,
490 994 609 1078 postea
640 1013 715 1058 oum
747 1013 788 1058 ea
812 995 1047 1060 concuteretur.
1095 991 1188 1072 Quod
1212 993 1307 1058 facile
1332 1016 1374 1059 ex
1395 994 1448 1059 his

324 1098 536 1180 intellegitur.
581 1097 697 1184 Neque
730 1099 817 1164 enim
849 1098 922 1164 fieri
952 1100 1070 1185 potuit,
1103 1101 1182 1185 quin
1214 1121 1268 1165 ars
1292 1104 1446 1185 oratoria,

325 1204 528 1290 simulatque
563 1205 634 1272 eius
669 1205 754 1272 vitia
789 1211 1028 1291 apparuerunt,
1063 1207 1314 1292 impugnaretur
1348 1207 1448 1294 idque

326 1332 364 1377 eo
399 1313 633 1380 vehementius
669 1312 843 1398 quibusvis
877 1313 1064 1378 rationibus
1097 1315 1131 1378 in
1164 1335 1239 1380 eam
1271 1317 1446 1401 congestio,

326 1438 391 1504 quo
416 1420 539 1484 maiore
563 1420 764 1485 auctoritate
789 1419 918 1485 dicendi
941 1420 1092 1503 magistri
1115 1420 1228 1486 valere
1249 1422 1447 1507 coepissent,

326 1547 426 1611 quam
450 1547 520 1592 rem
543 1525 664 1613 partim
688 1547 747 1611 per
769 1526 954 1612 Platonem,
980 1528 1100 1613 partim
1126 1548 1184 1613 per
1206 1527 1446 1612 Philodamum,

326 1632 467 1698 Sextum
492 1632 701 1719 Empiricum,
726 1632 967 1712 Quintilianum
991 1635 1228 1716 cognoscimus.
1263 1634 1449 1701 Rhetorum

325 1739 425 1822 igitur
455 1740 617 1806 interesse
649 1741 795 1825 oportuit
826 1742 897 1805 arte
925 1761 988 1805 sua
1011 1740 1130 1806 melius
1154 1739 1322 1807 fulcienda
1345 1744 1448 1827 atque

328 1845 533 1932 explicanda,
552 1846 662 1932 quoad
679 1849 750 1912 eius
766 1846 877 1912 facere
893 1851 1058 1932 poterant,
1073 1848 1256 1934 prohibere,
1270 1849 1448 1934 quominus

327 1951 526 2020 adversariis
549 1957 723 2039 tamquam
748 1975 852 2018 ansae
876 1953 1036 2020 darentur
1066 1954 1109 2021 ad
1132 1954 1448 2041 reprehendendum.

326 2061 429 2145 Atqui
444 2059 541 2126 Plato
557 2061 627 2145 ipse
643 2059 851 2143 rhetoricam,
874 2062 1027 2145 quamvis
1044 2083 1118 2128 eam
1135 2066 1174 2127 ut
1190 2065 1296 2128 artem
1311 2061 1449 2128 fallendi

325 2165 606 2251 impugnavisset,
646 2170 761 2232 tamen
796 2188 864 2232 non
899 2188 1033 2252 prorsus
1068 2168 1240 2251 reiecerat,
1280 2168 1338 2234 sed
1373 2190 1448 2234 cum

329 2271 502 2337 dialectica
530 2275 632 2358 atque
655 2274 873 2362 psychologia
896 2274 1108 2341 coniunctam
1132 2276 1264 2342 admitti
1287 2276 1448 2342 voluerat.

326 2378 444 2464 ltaque
488 2379 559 2445 eius
598 2382 835 2447 auctoritatem
877 2380 1027 2447 rhetores
1067 2385 1214 2465 secutos,
1252 2384 1447 2469 praesertim

326 2488 505 2572 postquam
536 2508 605 2553 non
628 2487 736 2554 solum
761 2487 908 2572 consilio,
933 2487 993 2554 sed
1017 2489 1118 2554 etiam
1143 2510 1177 2554 re
1201 2493 1259 2555 via
1282 2492 1329 2556 eis
1352 2511 1448 2556 mon-

327 2596 435 2680 strata
469 2597 522 2658 est
556 2593 599 2659 ab
634 2594 813 2660 Aristotele
849 2593 989 2680 aliisque
1022 2595 1238 2680 philosophis,
1275 2597 1372 2683 quasi
1407 2619 1449 2664 ex

327 2721 439 2766 eorum
475 2701 731 2766 armamentario
768 2699 810 2766 ad
845 2699 1058 2787 depellendos
1092 2700 1302 2770 adversarios
1336 2707 1371 2770 et
1405 2703 1448 2769 ad

327 2809 433 2872 artem
457 2827 554 2872 suam
576 2811 737 2875 tuendam
761 2829 854 2874 arma
879 2808 1069 2895 depromere
1087 2815 1351 2876 consentaneum
1367 2814 1448 2878 erat.

327 2911 398 2991 Quo
422 2913 547 2980 facturn
572 2917 634 2999 est,
659 2918 697 2980 ut
712 2915 911 2982 rhetoricam
927 2917 1068 3002 priorem
1085 2917 1128 2982 ad
1145 2937 1244 2982 usum
1260 2939 1448 2984 accommo-

328 3020 442 3086 datam
473 3021 638 3105 quaedam
671 3023 809 3090 scientia
838 3023 984 3090 oratoria
1007 3025 1181 3110 exciperet.
1226 3026 1338 3111 Atque
1361 3026 1449 3090 hanc

326 3127 417 3193 viam
449 3149 470 3192 a
492 3127 697 3216 philosophis
728 3133 951 3196 monstratam
979 3134 1014 3196 et
1037 3133 1202 3197 munitam
1225 3131 1448 3215 Hermagoras

327 3238 463 3300 secutus
488 3238 549 3319 est,
575 3239 613 3301 ut
636 3257 725 3304 nunc
749 3235 975 3303 ostendemus.

416 3343 464 3406 Ac
501 3343 643 3428 primurn
668 3343 800 3429 quidem
823 3343 973 3409 Platonis
1012 3345 1149 3410 consilio
1187 3345 1222 3409 in
1262 3345 1343 3412 artis
1370 3345 1448 3411 iun-

327 3447 494 3514 damentis
527 3450 687 3516 iaciendis
719 3472 802 3515 usus
838 3472 911 3517 esse
946 3452 1086 3518 videtur.
1141 3452 1235 3532 Quod
1266 3453 1382 3518 statim
1413 3453 1448 3517 in

327 3555 510 3622 rhetoricae
523 3556 719 3623 definitione
733 3561 882 3642 apparet,
900 3579 1011 3644 quam,
1030 3559 1162 3625 etiamsi
1175 3581 1195 3624 a
1207 3559 1298 3625 nullo
1311 3562 1447 3625 auctore

326 3660 483 3748 locupleti
514 3664 693 3728 memoriae
723 3663 855 3749 prodita
886 3668 953 3748 est,
987 3668 1119 3749 tamen,
1156 3670 1194 3731 ut
1225 3666 1447 3750 Hermagoras

328 3771 504 3852 omitteret,
534 3768 607 3834 fieri
631 3791 699 3836 non
722 3770 870 3855 potuitl)
917 3773 965 3836 Ao
988 3772 1184 3838 testimonia
1207 3773 1303 3838 nobis
1327 3794 1448 3858 suppe-

418 3951 435 4017 1)
449 3948 480 4000 Iu
495 3945 604 4000 diversa
616 3948 759 4001 sententia
773 3949 817 4000 est
831 3947 949 4002 Striller:
964 3949 1027 4003 vide
1041 3965 1141 4004 comm.
1155 3949 1200 4003 all.
1215 3967 1240 4020 p.
1258 3950 1298 4004 18.
1318 3950 1446 4004 Ceterum

327 4040 422 4089 utrum
428 4036 616 4104 Hermagoras
627 4035 796 4090 rhetoricam
811 4053 872 4090 esse
880 4037 935 4091 viru
945 4054 981 4091 an
992 4039 1139 4092 scientiam
1150 4055 1186 4092 an
1197 4041 1287 4092 artem
1297 4039 1446 4108 putaverit,

327 4126 364 4178 ad
384 4125 443 4178 cius
463 4125 608 4179 notionem
631 4125 827 4180 illustrandam
853 4142 910 4180 non
929 4127 1002 4180 tanti
1022 4128 1157 4182 momenti
1177 4131 1228 4191 cst,
1254 4128 1360 4198 quanti,
1382 4127 1448 4198 quid

329 4214 363 4268 de
381 4214 440 4267 fine
459 4219 488 4269 θῖ
506 4215 624 4268 materia
643 4214 702 4269 eius
719 4215 894 4271 iudicaverit.
