3198 5054
591 401 837 465 -111-

154 583 197 648 ad
229 602 324 648 arma
347 579 550 666 vocasset.²)
596 579 668 645 Hoc
698 578 792 661 tolle,
825 599 930 644 causa
959 599 1028 643 non
1059 578 1129 643 erit.
1175 578 1222 644 At
1245 576 1278 642 id

153 689 263 775 ipsum
294 691 397 770 negat
430 689 547 754 eontra
573 686 664 769 leges
692 685 826 752 licuisse
848 685 979 750 Decius
1025 683 1148 750 Veniet
1177 683 1278 766 igitur

154 795 186 860 in
218 794 393 860 iudicium:
439 793 626 860 licueritne
659 814 701 858 ex
733 795 873 858 senatus
905 790 1056 857 consulto
1092 790 1277 857 servandae

153 900 376 987 reipublicae
403 901 566 966 causai’«
607 899 657 965 De
680 899 838 965 inventl
864 898 988 980 13,18;
1024 898 1140 965 »110110
1158 901 1211 964 001
1226 919 1276 983 ea,

155 1029 241 1095 quae
266 1007 417 1074 continet
441 1027 587 1090 oausam,
611 1028 698 1092 quae
722 1007 752 1072 si
776 1005 912 1072 sublata
936 1006 988 1087 sit,
1012 1005 1094 1071 nihil
1116 1007 1151 1070 in
1175 1026 1279 1071 causa

155 1115 401 1181 controversiae
426 1114 643 1200 relinquatur,
672 1114 736 1180 hoc
758 1112 867 1198 modo,
892 1117 932 1178 ut
955 1111 1095 1179 docendi
1118 1133 1222 1178 causa
1243 1112 1278 1176 in

154 1221 246 1289 100111
270 1224 305 1286 01
327 1221 525 1308 pervulgato
549 1220 701 1306 exemplo
727 1221 968 1286 consistamus:
1009 1218 1145 1284 Orestes
1169 1220 1197 1285 si
1220 1239 1278 1284 ae-

156 1332 292 1396 cusetur
323 1327 509 1411 matricidii,
544 1328 609 1394 nisi
640 1329 703 1394 hoc
735 1326 841 1393 dicat:
877 1327 962 1392 ‘lure
993 1326 1067 1408 feei,
1103 1326 1158 1392 illa
1192 1327 1279 1392 enim

155 1440 284 1522 patrem
307 1455 419 1500 meum
445 1433 627 1518 occiderat,’
654 1455 722 1500 non
745 1433 849 1500 habet
873 1433 1110 1500 defensionem.
1149 1433 1222 1512 010
1245 1453 1279 1498 10

157 1542 264 1608 omnis
296 1542 524 1608 controversia
547 1562 680 1627 quoque
704 1540 840 1606 sublata
862 1540 935 1606 sit«
985 1542 1080 1607 Auct.
1102 1539 1144 1604 ad
1169 1540 1243 1604 Her.
1264 1539 1279 1603 1

160 1650 208 1735 16,
223 1651 282 1716 26:
317 1650 422 1714 »ratio
452 1652 513 1731 est,
547 1669 632 1735 quae
657 1669 793 1714 causam
823 1647 964 1714 incitet
992 1648 1142 1714 eontinet
1165 1647 1278 1713 deien-

158 1757 285 1822 sionem
309 1806 315 1821 .
340 1807 346 1820 .
372 1807 378 1820 .
403 1805 409 1819 .
435 1754 544 1821 adfert
568 1776 652 1838 eam,
678 1776 765 1842 quae
782 1755 848 1820 nisi
862 1754 1092 1838 intercederet,
1117 1775 1160 1820 ne
1176 1774 1279 1820 causa

159 1863 290 1949 quidem
315 1865 433 1928 esset«
476 1863 552 1928 Vox
575 1866 761 1946 συνέχοντος
784 1863 893 1945 igitur,
919 1863 972 1927 cui
994 1861 1154 1928 Latinum
1177 1881 1278 1928 voce-

157 1970 272 2036 hulum
304 1971 454 2051 rationis,
485 1974 526 2035 ut
554 1968 653 2034 modo
685 1970 912 2053 eognovimus
944 1990 1011 2034 non
1042 1968 1278 2051 firmamentil)

158 2076 346 2162 respondet,
386 2075 536 2142 defensio
572 2076 626 2142 vel
665 2077 799 2143 omnino
840 2075 1045 2143 confirmatio
1084 2079 1279 2160 ἀποφάσεως

158 2182 385 2268 intellegenda
416 2187 477 2266 est,
509 2205 577 2249 vox
608 2187 716 2257 αἰτίου,
751 2205 838 2269 quae
869 2187 1030 2267 οννέχονιι
1061 2205 1103 2248 ex
1137 2183 1279 2248 adverso

159 2290 269 2376 posita
300 2290 352 2372 sit,
384 2290 624 2356 criminationis
656 2291 710 2356 vel
741 2290 908 2356 suasionis
938 2291 1173 2375 (καταφάσεως)
1199 2311 1279 2356 con-

159 2396 340 2482 firmatio.⁸)
386 2395 531 2462 Easdem
556 2397 795 2483 explicationes
818 2397 982 2482 praebent
1005 2396 1115 2464 Cicero
1139 2399 1173 2462 in
1196 2399 1280 2482 part.

160 2525 201 2570 or.
217 2503 284 2590 (29,
301 2502 387 2589 103),
413 2503 677 2570 Fortunatianus
703 2507 741 2589 (p.
758 2505 812 2584 82,
826 2504 900 2590 6),4)
925 2503 1142 2586 Hermogenis
1159 2503 1280 2570 scholi-

159 2614 254 2676 astae
278 2609 341 2692 (W.
353 2609 399 2674 IV
416 2610 488 2696 139,
502 2613 561 2695 25;
583 2611 622 2676 oi.
636 2609 728 2677 W.V
740 2613 793 2692 57,
807 2611 878 2700 23);
904 2611 975 2697 Syr.
998 2633 1028 2697 p.
1054 2611 1106 2693 50,
1123 2610 1163 2676 15
1190 2609 1279 2694 0.),5)

159 2717 223 2783 nisi
246 2717 335 2802 quod
365 2739 472 2800 genus
500 2717 755 2784 deliberativum
785 2718 974 2802 neglegunt.
1022 2717 1245 2799 Quintilianus
1255 2717 1280 2805 1)

248 2967 267 3036 ¹)
288 2966 364 3021 Haec
389 2969 475 3021 verba
499 2967 535 3020 ad
559 2967 753 3022 defensionem
780 2971 909 3038 spectare
927 2971 1056 3038 apertum
1075 2973 1125 3022 est.
1164 2967 1280 3022 01010.
1335 2961 1338 2968 ’

160 3060 232 3127 part.
253 3073 292 3111 or.
311 3055 355 3120 30,
370 3055 429 3110 106.

248 3146 267 3215 ⁹)
287 3145 329 3200 01,
348 3145 458 3200 Volkm.
479 3146 495 3200 l.
515 3147 560 3200 all.
579 3163 606 3215 p.
622 3147 671 3200 101
693 3149 722 3200 01
741 3145 842 3200 11110111
859 3145 989 3214 Hermag.
1009 3163 1036 3216 p.
1050 3147 1092 3201 69.

249 3235 514 3304 1)Αο001101101011
540 3235 625 3286 αἰτίου
650 3236 688 3289 101
714 3238 873 3300 convenire,
900 3236 1034 3306 quoniam
1059 3252 1116 3290 non
1134 3232 1282 3302 κατάφασις

160 3324 312 3393 1111011100
326 3324 438 3380 facinus
456 3325 633 3391 commisisti;
653 3326 708 3380 hoc
729 3325 892 3400 iaciendum
905 3327 966 3394 001),
979 3324 1007 3377 id
1021 3326 1097 3396 quod
1109 3324 1282 3394 Augustinus

159 3429 305 3483 perperam
324 3414 441 3467 tradidit
458 3414 494 3484 lp.
509 3413 567 3477 14-1,
578 3414 630 3482 33),
650 3415 700 3468 sed
720 3421 886 3484 argumento
907 3415 1077 3470 confirmata
1088 3414 1184 3469 iudicii
1197 3430 1282 3469 causa

160 3503 243 3570 (αἰτία
260 3502 374 3573 κρίσεως)
394 3502 526 3558 habenda
545 3508 597 3566 est,
617 3503 701 3558 facile
719 3504 900 3573 intellegitur.

250 3609 269 3678 4)
291 3609 476 3680 »Gataphasis
508 3611 583 3664 unde
617 3611 769 3664 firmatur?
798 3627 833 3665 ex
861 3612 944 3666 aetio.
992 3610 1064 3678 Quid
1093 3613 1137 3665 est
1165 3611 1281 3665 aetion?

161 3699 340 3754 causativum
359 3698 558 3769 111100100101
577 3700 653 3771 quod
671 3717 716 3755 res
734 3699 763 3754 in
776 3700 908 3754 iudicium
921 3700 1084 3754 devocatur.
1121 3699 1282 3770 Apophasis

160 3788 235 3842 unde
253 3787 402 3842 firmatur?
422 3805 458 3842 ex
477 3789 661 3858 synechonte.
699 3789 772 3856 Quid
791 3793 836 3842 est
853 3788 1020 3858 synechon?
1046 3805 1102 3859 quo
1121 3789 1283 3843 continetur

161 3877 250 3931 omnis
270 3877 424 3932 defensio«

249 3967 268 4033 5)
289 4004 295 4018 .
316 4004 321 4018 .
341 3965 427 4017 αὶτιον
444 3965 494 4034 μὲν
512 3965 528 4031 ἡ
545 3969 591 4018 τοῦ
609 3965 754 4037 κατηγόρου
773 3965 853 4034 φωνὴ,
879 3964 893 4017 ὃ
911 3969 956 4017 καὶ
975 3964 1042 4018 οὕτω
1061 3963 1162 4035 λέγεται
1188 3963 1232 4018 διὰ
1250 3966 1281 4018 τὸ

160 4054 208 4119 τὴν
226 4054 317 4106 αἰτίαν
333 4057 379 4119 τῆς
397 4055 504 4125 κρίσεως
520 4054 634 4122 μηνύειν·
660 4058 764 4122 συνέχον
782 4053 811 4108 δὲ
829 4055 845 4121 ᾗ
863 4052 1001 4125 ἀπολογία.

250 4143 669 4212 1)11111,4;1110110..001,
696 4162 752 4216 qua
775 4146 811 4210 id,
838 4145 912 4214 quod
936 4144 1046 4199 factum
1073 4162 1136 4199 0000
1160 4148 1282 4209 constat,

162 4223 356 4287 defenditur&
