3224 5044
621 433 843 499 ..39-

184 615 331 700 aliquam
355 613 499 699 speciem
523 612 707 680 rhetoricae
731 612 900 698 imponere
926 611 1065 693 studuit,
1089 611 1123 676 in
1147 612 1305 678 universo

185 742 303 805 genere
328 719 565 806 quaestionum
596 719 719 786 oratori
747 718 958 800 adiungendo
987 719 1105 784 horum
1129 719 1306 784 verborum

184 827 373 894 Aristotelis
396 848 576 894 memorem
600 826 705 892 fuisse
729 830 811 912 puto
840 826 982 905 (rhetA
1006 826 1027 890 2
1050 846 1080 911 p.
1100 825 1184 890 1356
1194 825 1224 904 b,
1235 825 1304 902 30):

185 938 316 1018 οὐδεμία
349 936 383 999 δὲ
413 938 503 1018 τέχνη
533 942 647 998 σκοπεῖ
670 934 706 997 τὸ
738 935 960 1006 καθ’ἕκαστον,
992 933 1059 997 δῖον
1087 936 1106 1016 ἡ
1131 934 1251 1014 ἰατρικὴ
1280 935 1309 996 τί

184 1045 350 1125 Σωκράτει
377 1043 413 1105 τὸ
444 1043 577 1123 ὑγιεινόν
605 1043 683 1105 ἔστιν
707 1045 726 1124 ἢ
751 1041 880 1122 Καλλίᾳ,
912 1042 990 1105 ἀλλὰ
1017 1043 1046 1103 τί
1074 1048 1120 1123 τῷ
1150 1041 1262 1121 τοιῷδε
1286 1045 1306 1123 ἢ

183 1158 247 1221 τοῖς
268 1151 410 1214 τοιοῖσδε·
434 1147 538 1231 (τοῦτο
563 1149 623 1230 γὰρ
647 1151 797 1230 ἔντεχνον,
825 1149 860 1212 τὸ
885 1149 919 1211 δὲ
942 1150 1155 1212 καθ’ἕκαστον
1178 1151 1307 1230 ἄπειρον

184 1259 237 1321 καὶ
261 1259 321 1321 οὐκ
345 1257 519 1338 ἐπιστητόν)
553 1256 628 1320 οὐδὲ
652 1258 670 1337 ἡ
696 1256 846 1338 ῥητορικὴ
874 1256 910 1318 τὸ
933 1257 1147 1320 καθ’ἕκαστον
1175 1256 1307 1328 ἔνδοξον

184 1367 351 1447 θεωρήσει,
375 1364 443 1427 οἷον
459 1363 626 1444 Σωκράτει
650 1366 669 1444 ἢ
690 1363 808 1444 Ἱππίᾳ,
833 1363 910 1426 ἀλλὰ
933 1363 968 1426 τὸ
991 1364 1133 1435 τοιοῖσδε,
1158 1364 1307 1443 καθάπερ

184 1472 237 1535 καὶ
260 1473 279 1553 ἡ
305 1471 489 1553 διαλεκτική.
537 1468 583 1534 Of.
607 1474 674 1554 top.
690 1471 721 1532 A
746 1468 786 1534 14
809 1490 838 1553 p.
858 1468 920 1533 105
931 1467 962 1548 λ),
977 1469 1035 1533 31:
1071 1470 1205 1551 ληπτέον
1228 1471 1307 1534 δ’ὅτι

183 1580 315 1660 μάλιστα
346 1578 491 1641 καθόλου
522 1579 626 1646 πάσας
655 1576 710 1646 τὰς
740 1579 914 1657 προτάσεις.
966 1573 1060 1654 Quod
1090 1577 1306 1660 praeceptum

185 1684 374 1750 continetur
402 1683 465 1748 hac
493 1682 631 1768 simplici
658 1682 880 1767 reputatione,
911 1702 1012 1767 quam
1036 1681 1233 1748 Aristoteles
1258 1682 1308 1746 ita

185 1777 348 1875 expressit
381 1788 478 1872 (anal.
502 1794 587 1874 post.
608 1789 622 1854 l
646 1789 688 1854 24
717 1811 747 1874 p.
768 1788 811 1854 86
820 1811 850 1872 a,
865 1790 935 1874 22):
982 1791 1127 1854 Μάλιστα
1152 1791 1187 1854 δὲ
1211 1791 1306 1871 δῆλον

185 1901 230 1962 ὅτι
254 1901 273 1980 ἡ
297 1883 441 1962 καθόλου
470 1897 526 1981 (sc,
551 1898 722 1979 ἀπόδειξις)
752 1901 939 1979 κυριωτέρα,
965 1898 1010 1960 ὅτι
1033 1904 1097 1961 τῶν
1119 1899 1307 1978 προτάσεων

184 2007 240 2088 τὴν
269 2005 329 2088 μὲν
359 2008 514 2086 προτέραν
545 2007 668 2087 ἔχοντες
699 2007 787 2087 ῑσμεν
817 2029 889 2075 πως
919 2007 972 2068 καὶ
1002 2006 1057 2087 τὴν
1088 2006 1220 2086 ὑστέραν
1254 2005 1307 2067 καλ

185 2116 300 2195 ἔχομεν
317 2113 455 2194 δυνάμει,
479 2113 548 2176 οἷον
563 2114 594 2174 εἴ
608 2136 651 2181 τις
667 2111 752 2176 ολδεν
768 2114 813 2175 ότι
832 2119 897 2176 πᾶν
911 2115 1064 2194 τρίγωνον
1081 2113 1169 2176 δυσὶν
1185 2113 1306 2192 ὀρθαῖς,

185 2220 252 2284 οἶδέ
274 2244 345 2289 πως
367 2221 420 2282 καὶ
444 2218 479 2282 τδ
503 2219 658 2288 ἰσοσκελὲς
682 2219 727 2282 ὅτι
751 2220 811 2282 δύο
834 2220 956 2300 ὀρθαῖς,
981 2221 1122 2302 δυνάμει,
1145 2220 1199 2282 καὶ
1219 2219 1305 2300 εἰμὴ

184 2329 250 2390 οἶδε
265 2326 300 2390 τὸ
318 2327 473 2396 ἰσοσκελὲς
490 2327 535 2388 ὅτι
551 2327 753 2407 τρίγωνσν’,ὁ
767 2327 801 2389 δὲ
813 2328 927 2408 ταύτην
939 2329 1024 2408 ἔχων
1040 2328 1095 2409 τὴν
1107 2327 1259 2408 πρότασιν
1270 2326 1306 2388 τὸ

184 2434 328 2498 καθόλου
357 2435 511 2515 οὐδαμῶς
539 2432 631 2507 οἶδεν,
661 2435 731 2496 οὔτε
756 2434 888 2515 δυνάμει
912 2435 1128 2515 οὔτ’ἐνεργείᾳ.
1175 2431 1218 2496 Ol.
1244 2431 1306 2498 Cic.

186 2544 267 2604 orat.
296 2539 417 2621 14,45:
456 2542 595 2628 »oraton
621 2560 689 2604 non
711 2538 765 2603 ille
791 2539 947 2622 vulgaris,
972 2538 1030 2604 sed
1054 2538 1107 2603 hio
1131 2537 1306 2619 excellens,

186 2669 208 2712 a
230 2647 368 2733 propriis
392 2646 542 2732 personis
567 2651 601 2712 et
624 2646 830 2731 temporibus
854 2667 984 2731 semper
1007 2646 1035 2710 si
1058 2648 1171 2731 potest
1187 2648 1308 2711 avocat

186 2755 455 2820 controversiam.
511 2753 630 2820 Latius
663 2753 751 2819 enim
783 2754 823 2818 de
855 2774 975 2836 genere
1007 2775 1108 2838 quam
1140 2753 1180 2820 de
1211 2757 1306 2837 parte

187 2861 370 2945 disceptare
394 2861 487 2926 licet:
519 2865 557 2926 ut
586 2859 674 2946 quod
697 2862 732 2925 in
757 2861 912 2926 universo
937 2860 981 2925 sit
1004 2860 1191 2945 probatum,
1217 2858 1249 2922 id
1272 2859 1307 2923 in

185 2972 281 3054 parte
320 2969 364 3033 sit
401 2969 533 3054 probari
571 2988 734 3034 necesse«
808 2968 903 3032 Hauc
941 2967 1042 3049 igitur
1085 2967 1127 3032 ob
1171 2986 1307 3032 oausam

185 3074 424 3157 Hermagoram
457 3075 672 3161 quaestiones
708 3073 879 3156 generales
910 3074 1095 3139 rhetoricae
1127 3073 1306 3142 subiecisse

187 3203 317 3265 censeo,
342 3202 409 3248 non
433 3182 517 3264 ideo,
543 3184 582 3246 ut
606 3203 682 3246 cum
705 3181 910 3268 philosophis
933 3179 1158 3261 contenderet,
1184 3200 1251 3263 qua
1267 3177 1306 3243 de

186 3310 220 3354 re
244 3289 279 3353 in
308 3289 417 3374 capite
445 3289 544 3354 tertio
569 3288 745 3360 dicendum
776 3289 845 3353 erit.
892 3287 962 3353 lam
986 3308 1065 3354 varo
1097 3306 1171 3352 cum
1203 3307 1307 3370 quae-

187 3395 352 3461 stionibus
375 3395 621 3462 universalibus
653 3399 687 3461 et
718 3394 918 3481 specialibus
946 3393 1207 3478 disiungendis¹l
1232 3393 1306 3458 Ari-

187 3503 343 3568 stotelem
378 3509 514 3568 secutus
549 3503 606 3583 sit,
642 3502 743 3568 huius
778 3502 1000 3570 distinctionis
1035 3503 1201 3568 vocabula
1235 3502 1309 3586 ipsa

187 3612 338 3682 ὑπόθεσις
362 3614 397 3676 et
419 3613 507 3681 θέσις
535 3631 556 3674 a
580 3610 738 3692 Stagirita
767 3611 863 3676 aliter
890 3614 1053 3694 usurpata
1082 3615 1169 3674 sunt.
1216 3607 1308 3672 Haec

189 3718 277 3782 enim
299 3717 334 3782 in
359 3717 445 3782 anal.
467 3720 551 3802 post.
572 3717 586 3782 Ι
610 3718 630 3780 2
654 3739 683 3802 p.
701 3718 784 3798 raa,
805 3717 881 3799 182)
912 3717 961 3782 ita
993 3715 1234 3797 discernuntur,
1269 3719 1309 3780 ut

278 3914 297 3981 1)
317 3912 402 3966 Arist.
422 3916 481 3982 t0p3
501 3912 551 3965 Ill
573 3912 645 3965 init:
658 3911 734 3963 ’Ἐστι
753 3908 781 3963 δὲ
799 3915 852 3962 τῶν
869 3909 1065 3982 προβλημάτων
1082 3911 1116 3963 τὰ
1128 3913 1179 3978 μὲν
1189 3907 1308 3961 καθόλου

187 4001 220 4052 τὰ
240 3997 313 4052 δ’ἐστὶ
330 4002 431 4071 μέρους.

276 4091 295 4158 ²)
316 4092 413 4146 (δέσεως
438 4087 483 4154 &ip
501 4090 550 4157 μὲν
573 4089 746 4170 ὁποτερονοῦν
774 4094 827 4140 τῶν
850 4091 951 4159 μορίων
974 4095 1020 4154 τῆς
1044 4089 1215 4164 άποφόνσεως
1240 4085 1331 4170 λαμ-ο

187 4179 309 4249 βάνονσα,
329 4174 385 4232 οἷον
403 4176 516 4248 λέγωτὸ
536 4177 605 4231 εἶναι’
621 4199 648 4230 τι
666 4178 682 4244 ἢ
700 4179 730 4230 τὸ
749 4179 786 4245 μὴ
805 4175 918 4239 rivale,
933 4178 1067 4240 ὑπόθεσις,
1082 4179 1096 4244 ἡ
1111 4176 1134 4230 δ’
1145 4178 1204 4230 ἄνευ
1216 4177 1307 4228 τοὺτου

188 4267 303 4338 ὁρισμός.
328 4267 406 4339 ὁγὰρ
425 4268 532 4339 ὁρισμὸς
551 4270 626 4324 θέσις
643 4271 692 4335 μέν
711 4269 773 4319 ἐστι·
792 4269 902 4320 τίθεται
919 4268 969 4338 γὰρ
988 4267 1191 4335 ὁάριθμητικδς
1202 4263 1307 4334 μονάδα
