<?xml version="1.0" encoding="UTF-8"?>
<!DOCTYPE html PUBLIC "-//W3C//DTD XHTML 1.0 Transitional//EN"
    "http://www.w3.org/TR/xhtml1/DTD/xhtml1-transitional.dtd">
<html xmlns="http://www.w3.org/1999/xhtml" xml:lang="en" lang="en">
 <head>
  <title>
</title>
<meta http-equiv="Content-Type" content="text/html;charset=utf-8" />
  <meta name='ocr-system' content='tesseract 3.04.00' />
  <meta name='ocr-capabilities' content='ocr_page ocr_carea ocr_par ocr_line ocrx_word'/>
</head>
<body>
  <div class='ocr_page' id='page_1' title='image "./destatuumdoctri00jaengoog_0081.png"; bbox 0 0 3224 5044; ppageno 0'>
   <div class='ocr_carea' id='block_1_1' title="bbox 752 419 976 484">
    <p class='ocr_par' dir='ltr' id='par_1_1' title="bbox 752 419 976 484">
     <span class='ocr_line' id='line_1_1' title="bbox 752 419 976 484; baseline 0 -18"><span class='ocrx_word' id='word_1_1' title='bbox 752 419 976 484; x_wconf 62' lang='lat'>..68-</span> 
     </span>
    </p>
   </div>
   <div class='ocr_carea' id='block_1_2' title="bbox 302 598 1443 3036">
    <p class='ocr_par' dir='ltr' id='par_1_2' title="bbox 302 598 1428 886">
     <span class='ocr_line' id='line_1_2' title="bbox 302 598 1428 682; baseline -0.004 -18"><span class='ocrx_word' id='word_1_2' title='bbox 302 599 375 682; x_wconf 79' lang='grc' dir='ltr'><em>αερὶ</em></span> <span class='ocrx_word' id='word_1_3' title='bbox 389 601 559 682; x_wconf 84' lang='grc' dir='ltr'><em>πράγματα</em></span> <span class='ocrx_word' id='word_1_4' title='bbox 575 635 620 644; x_wconf 89' lang='lat'>--</span> <span class='ocrx_word' id='word_1_5' title='bbox 634 598 706 680; x_wconf 79' lang='grc' dir='ltr'><strong><em>περὶ</em></strong></span> <span class='ocrx_word' id='word_1_6' title='bbox 722 599 809 681; x_wconf 83' lang='grc' dir='ltr'><em>ῥητά,</em></span> <span class='ocrx_word' id='word_1_7' title='bbox 826 599 898 680; x_wconf 84' lang='grc' dir='ltr'><strong><em>περὶ</em></strong></span> <span class='ocrx_word' id='word_1_8' title='bbox 912 600 1082 680; x_wconf 79' lang='grc' dir='ltr'><em>πράγματα</em></span> <span class='ocrx_word' id='word_1_9' title='bbox 1100 598 1428 680; x_wconf 78' lang='grc' dir='ltr'><em>γεγονότα-μέλλοντα,</em></span> 
     </span>
     <span class='ocr_line' id='line_1_3' title="bbox 302 705 1428 789; baseline -0.004 -19"><span class='ocrx_word' id='word_1_10' title='bbox 302 707 373 788; x_wconf 78' lang='grc' dir='ltr'><strong><em>περὶ</em></strong></span> <span class='ocrx_word' id='word_1_11' title='bbox 403 709 438 770; x_wconf 82' lang='grc' dir='ltr'>ἓν</span> <span class='ocrx_word' id='word_1_12' title='bbox 468 706 631 789; x_wconf 81' lang='grc' dir='ltr'><em>ῥητόν-</em></span> <span class='ocrx_word' id='word_1_13' title='bbox 653 705 725 788; x_wconf 75' lang='grc' dir='ltr'><strong><em>περὶ</em></strong></span> <span class='ocrx_word' id='word_1_14' title='bbox 755 706 882 768; x_wconf 81' lang='grc' dir='ltr'><strong><em>πλείονα</em></strong></span> <span class='ocrx_word' id='word_1_15' title='bbox 914 706 1002 787; x_wconf 83' lang='grc' dir='ltr'><em>ῥητά,</em></span> <span class='ocrx_word' id='word_1_16' title='bbox 1038 707 1081 775; x_wconf 86' lang='grc' dir='ltr'>εἰς</span> <span class='ocrx_word' id='word_1_17' title='bbox 1111 705 1206 768; x_wconf 82' lang='grc' dir='ltr'><em>αὑτόν</em></span> <span class='ocrx_word' id='word_1_18' title='bbox 1229 741 1274 750; x_wconf 97' lang='grc'>-</span> <span class='ocrx_word' id='word_1_19' title='bbox 1297 706 1339 774; x_wconf 80' lang='grc' dir='ltr'>εἴς</span> <span class='ocrx_word' id='word_1_20' title='bbox 1361 728 1428 768; x_wconf 89' lang='grc' dir='ltr'><em>τινα</em></span> 
     </span>
     <span class='ocr_line' id='line_1_4' title="bbox 302 812 1091 886; baseline -0.005 -8"><span class='ocrx_word' id='word_1_21' title='bbox 302 820 367 878; x_wconf 84' lang='grc' dir='ltr'>τῶν</span> <span class='ocrx_word' id='word_1_22' title='bbox 390 814 522 886; x_wconf 73' lang='grc' dir='ltr'><em>ἔξωθεν,</em></span> <span class='ocrx_word' id='word_1_23' title='bbox 546 815 589 883; x_wconf 83' lang='grc' dir='ltr'>εἰς</span> <span class='ocrx_word' id='word_1_24' title='bbox 611 812 832 876; x_wconf 12' lang='grc' dir='ltr'><em>τὸνέπαθόντα</em></span> <span class='ocrx_word' id='word_1_25' title='bbox 857 849 899 858; x_wconf 82' lang='grc'>-</span> <span class='ocrx_word' id='word_1_26' title='bbox 922 814 965 882; x_wconf 85' lang='grc' dir='ltr'>εἰς</span> <span class='ocrx_word' id='word_1_27' title='bbox 988 812 1091 874; x_wconf 75' lang='grc' dir='ltr'><em>ἄλλον.</em></span> 
     </span>
    </p>

    <p class='ocr_par' dir='ltr' id='par_1_3' title="bbox 303 916 1443 3036">
     <span class='ocr_line' id='line_1_5' title="bbox 395 916 1427 1001; baseline -0.003 -16"><span class='ocrx_word' id='word_1_28' title='bbox 395 918 460 985; x_wconf 84' lang='lat' dir='ltr'>Sed</span> <span class='ocrx_word' id='word_1_29' title='bbox 483 939 552 985; x_wconf 92' lang='lat' dir='ltr'>non</span> <span class='ocrx_word' id='word_1_30' title='bbox 568 918 665 984; x_wconf 90' lang='lat' dir='ltr'>modo</span> <span class='ocrx_word' id='word_1_31' title='bbox 689 919 854 985; x_wconf 89' lang='lat' dir='ltr'>rationem</span> <span class='ocrx_word' id='word_1_32' title='bbox 871 916 1048 1001; x_wconf 82' lang='lat' dir='ltr'>digerendi,</span> <span class='ocrx_word' id='word_1_33' title='bbox 1073 937 1188 983; x_wconf 89' lang='lat' dir='ltr'>verum</span> <span class='ocrx_word' id='word_1_34' title='bbox 1215 917 1317 982; x_wconf 90' lang='lat' dir='ltr'>etiam</span> <span class='ocrx_word' id='word_1_35' title='bbox 1340 937 1427 982; x_wconf 93' lang='lat' dir='ltr'>non-</span> 
     </span>
     <span class='ocr_line' id='line_1_6' title="bbox 303 1023 1430 1110; baseline -0.004 -18"><span class='ocrx_word' id='word_1_36' title='bbox 303 1026 397 1092; x_wconf 91' lang='lat' dir='ltr'>nulla</span> <span class='ocrx_word' id='word_1_37' title='bbox 414 1025 604 1091; x_wconf 87' lang='lat' dir='ltr'>discrimina</span> <span class='ocrx_word' id='word_1_38' title='bbox 619 1026 694 1110; x_wconf 92' lang='lat' dir='ltr'>ipsa</span> <span class='ocrx_word' id='word_1_39' title='bbox 710 1024 896 1091; x_wconf 86' lang='lat' dir='ltr'>Stoicorum</span> <span class='ocrx_word' id='word_1_40' title='bbox 920 1047 993 1090; x_wconf 89' lang='lat' dir='ltr'>esse</span> <span class='ocrx_word' id='word_1_41' title='bbox 1018 1023 1193 1090; x_wconf 88' lang='lat' dir='ltr'>evidenter</span> <span class='ocrx_word' id='word_1_42' title='bbox 1208 1025 1430 1090; x_wconf 85' lang='lat' dir='ltr'>demonstrari</span> 
     </span>
     <span class='ocr_line' id='line_1_7' title="bbox 303 1130 1427 1220; baseline -0.004 -21"><span class='ocrx_word' id='word_1_43' title='bbox 303 1135 424 1220; x_wconf 87' lang='lat' dir='ltr'>potest.</span> <span class='ocrx_word' id='word_1_44' title='bbox 470 1131 580 1198; x_wconf 92' lang='lat' dir='ltr'>Primo</span> <span class='ocrx_word' id='word_1_45' title='bbox 605 1131 739 1217; x_wconf 91' lang='lat' dir='ltr'>quidem</span> <span class='ocrx_word' id='word_1_46' title='bbox 762 1134 901 1218; x_wconf 89' lang='lat' dir='ltr'>aspectu</span> <span class='ocrx_word' id='word_1_47' title='bbox 918 1131 1123 1197; x_wconf 88' lang='lat' dir='ltr'>dubitaverit</span> <span class='ocrx_word' id='word_1_48' title='bbox 1146 1130 1320 1216; x_wconf 84' lang='lat' dir='ltr'>quispiam,</span> <span class='ocrx_word' id='word_1_49' title='bbox 1345 1151 1427 1195; x_wconf 89' lang='lat' dir='ltr'>num</span> 
     </span>
     <span class='ocr_line' id='line_1_8' title="bbox 303 1236 1428 1325; baseline -0.003 -20"><span class='ocrx_word' id='word_1_50' title='bbox 303 1242 375 1305; x_wconf 85' lang='lat' dir='ltr'>tam</span> <span class='ocrx_word' id='word_1_51' title='bbox 405 1260 473 1305; x_wconf 90' lang='lat' dir='ltr'>non</span> <span class='ocrx_word' id='word_1_52' title='bbox 504 1239 653 1325; x_wconf 87' lang='lat' dir='ltr'>proprias</span> <span class='ocrx_word' id='word_1_53' title='bbox 685 1259 724 1304; x_wconf 91' lang='lat' dir='ltr'>ac</span> <span class='ocrx_word' id='word_1_54' title='bbox 746 1237 844 1304; x_wconf 85' lang='lat' dir='ltr'>facile</span> <span class='ocrx_word' id='word_1_55' title='bbox 876 1239 981 1304; x_wconf 91' lang='lat' dir='ltr'>menti</span> <span class='ocrx_word' id='word_1_56' title='bbox 1013 1241 1223 1304; x_wconf 90' lang='lat' dir='ltr'>occurrentes</span> <span class='ocrx_word' id='word_1_57' title='bbox 1247 1236 1428 1303; x_wconf 81' lang='lat' dir='ltr'>divisiones</span> 
     </span>
     <span class='ocr_line' id='line_1_9' title="bbox 304 1343 1428 1432; baseline -0.002 -22"><span class='ocrx_word' id='word_1_58' title='bbox 304 1367 405 1432; x_wconf 87' lang='lat' dir='ltr'>quam</span> <span class='ocrx_word' id='word_1_59' title='bbox 421 1346 499 1411; x_wconf 86' lang='lat' dir='ltr'>has:</span> <span class='ocrx_word' id='word_1_60' title='bbox 523 1348 644 1430; x_wconf 83' lang='grc' dir='ltr'><em>ἀφανές</em></span> <span class='ocrx_word' id='word_1_61' title='bbox 666 1347 876 1429; x_wconf 80' lang='grc' dir='ltr'><em>-φανερόν,</em></span> <span class='ocrx_word' id='word_1_62' title='bbox 898 1348 1001 1417; x_wconf 81' lang='grc' dir='ltr'><em>ἀτελές</em></span> <span class='ocrx_word' id='word_1_63' title='bbox 1017 1383 1059 1392; x_wconf 91' lang='grc'>-</span> <span class='ocrx_word' id='word_1_64' title='bbox 1075 1347 1190 1410; x_wconf 82' lang='grc' dir='ltr'><em>τέλειον</em></span> <span class='ocrx_word' id='word_1_65' title='bbox 1206 1365 1224 1409; x_wconf 86' lang='lat' dir='ltr'>e</span> <span class='ocrx_word' id='word_1_66' title='bbox 1241 1343 1428 1410; x_wconf 85' lang='lat' dir='ltr'>Stoicorum</span> 
     </span>
     <span class='ocr_line' id='line_1_10' title="bbox 305 1449 1427 1539; baseline -0.004 -21"><span class='ocrx_word' id='word_1_67' title='bbox 305 1453 402 1538; x_wconf 89' lang='lat' dir='ltr'>quasi</span> <span class='ocrx_word' id='word_1_68' title='bbox 432 1452 566 1519; x_wconf 88' lang='lat' dir='ltr'>officina</span> <span class='ocrx_word' id='word_1_69' title='bbox 597 1453 722 1539; x_wconf 89' lang='lat' dir='ltr'>petitas</span> <span class='ocrx_word' id='word_1_70' title='bbox 754 1473 828 1518; x_wconf 89' lang='lat' dir='ltr'>esse</span> <span class='ocrx_word' id='word_1_71' title='bbox 862 1454 1009 1518; x_wconf 83' lang='lat' dir='ltr'>conicere</span> <span class='ocrx_word' id='word_1_72' title='bbox 1040 1452 1149 1518; x_wconf 89' lang='lat' dir='ltr'>liceat.</span> <span class='ocrx_word' id='word_1_73' title='bbox 1195 1451 1242 1516; x_wconf 87' lang='lat' dir='ltr'>At</span> <span class='ocrx_word' id='word_1_74' title='bbox 1274 1449 1427 1536; x_wconf 88' lang='lat' dir='ltr'>quando-</span> 
     </span>
     <span class='ocr_line' id='line_1_11' title="bbox 304 1557 1429 1647; baseline -0.004 -22"><span class='ocrx_word' id='word_1_75' title='bbox 304 1561 447 1647; x_wconf 85' lang='lat' dir='ltr'>quidem,</span> <span class='ocrx_word' id='word_1_76' title='bbox 462 1580 691 1645; x_wconf 88' lang='lat' dir='ltr'>quaecumque</span> <span class='ocrx_word' id='word_1_77' title='bbox 705 1579 809 1624; x_wconf 88' lang='lat' dir='ltr'>causa</span> <span class='ocrx_word' id='word_1_78' title='bbox 825 1557 935 1628; x_wconf 92' lang='lat' dir='ltr'>adhuc</span> <span class='ocrx_word' id='word_1_79' title='bbox 950 1559 985 1624; x_wconf 94' lang='lat' dir='ltr'>in</span> <span class='ocrx_word' id='word_1_80' title='bbox 997 1557 1276 1644; x_wconf 73' lang='lat' dir='ltr'>disceptationem</span> <span class='ocrx_word' id='word_1_81' title='bbox 1288 1561 1429 1624; x_wconf 88' lang='lat' dir='ltr'>vocatur</span> 
     </span>
     <span class='ocr_line' id='line_1_12' title="bbox 304 1664 1428 1753; baseline -0.004 -20"><span class='ocrx_word' id='word_1_82' title='bbox 304 1667 525 1753; x_wconf 79' lang='grc' dir='ltr'><em>(κρινόμενον),</em></span> <span class='ocrx_word' id='word_1_83' title='bbox 558 1687 599 1731; x_wconf 91' lang='lat' dir='ltr'>ea</span> <span class='ocrx_word' id='word_1_84' title='bbox 621 1666 689 1730; x_wconf 90' lang='lat' dir='ltr'>iam</span> <span class='ocrx_word' id='word_1_85' title='bbox 713 1664 756 1731; x_wconf 90' lang='lat' dir='ltr'>ad</span> <span class='ocrx_word' id='word_1_86' title='bbox 777 1664 940 1752; x_wconf 89' lang='lat' dir='ltr'>liquidum</span> <span class='ocrx_word' id='word_1_87' title='bbox 964 1665 1137 1752; x_wconf 87' lang='lat' dir='ltr'>explorata</span> <span class='ocrx_word' id='word_1_88' title='bbox 1160 1664 1330 1752; x_wconf 83' lang='grc' dir='ltr'><em>(φανερόν)</em></span> <span class='ocrx_word' id='word_1_89' title='bbox 1354 1685 1428 1729; x_wconf 91' lang='lat' dir='ltr'>esse</span> 
     </span>
     <span class='ocr_line' id='line_1_13' title="bbox 304 1769 1429 1860; baseline -0.003 -22"><span class='ocrx_word' id='word_1_90' title='bbox 304 1775 430 1860; x_wconf 89' lang='lat' dir='ltr'>nequit,</span> <span class='ocrx_word' id='word_1_91' title='bbox 458 1772 597 1839; x_wconf 90' lang='lat' dir='ltr'>tametsi</span> <span class='ocrx_word' id='word_1_92' title='bbox 620 1773 654 1838; x_wconf 92' lang='lat' dir='ltr'>in</span> <span class='ocrx_word' id='word_1_93' title='bbox 678 1773 824 1838; x_wconf 89' lang='lat' dir='ltr'>statibus</span> <span class='ocrx_word' id='word_1_94' title='bbox 849 1771 1053 1838; x_wconf 86' lang='lat' dir='ltr'>delinitionis</span> <span class='ocrx_word' id='word_1_95' title='bbox 1078 1775 1114 1838; x_wconf 92' lang='lat' dir='ltr'>et</span> <span class='ocrx_word' id='word_1_96' title='bbox 1136 1771 1310 1857; x_wconf 82' lang='lat' dir='ltr'>qualitatis</span> <span class='ocrx_word' id='word_1_97' title='bbox 1333 1769 1429 1856; x_wconf 89' lang='lat' dir='ltr'>plura</span> 
     </span>
     <span class='ocr_line' id='line_1_14' title="bbox 305 1878 1428 1967; baseline -0.004 -21"><span class='ocrx_word' id='word_1_98' title='bbox 305 1902 406 1967; x_wconf 90' lang='lat' dir='ltr'>quam</span> <span class='ocrx_word' id='word_1_99' title='bbox 438 1882 473 1945; x_wconf 91' lang='lat' dir='ltr'>in</span> <span class='ocrx_word' id='word_1_100' title='bbox 498 1880 688 1945; x_wconf 87' lang='lat' dir='ltr'>coniectura</span> <span class='ocrx_word' id='word_1_101' title='bbox 715 1880 879 1962; x_wconf 71' lang='lat' dir='ltr'>novimus</span> <span class='ocrx_word' id='word_1_102' title='bbox 911 1879 1017 1965; x_wconf 90' lang='lat' dir='ltr'>prima</span> <span class='ocrx_word' id='word_1_103' title='bbox 1039 1879 1174 1965; x_wconf 90' lang='lat' dir='ltr'>partitio</span> <span class='ocrx_word' id='word_1_104' title='bbox 1210 1878 1316 1960; x_wconf 83' lang='lat' dir='ltr'>magis</span> <span class='ocrx_word' id='word_1_105' title='bbox 1347 1878 1428 1944; x_wconf 87' lang='lat' dir='ltr'>arti-</span> 
     </span>
     <span class='ocr_line' id='line_1_15' title="bbox 304 1984 1443 2073; baseline -0.003 -21"><span class='ocrx_word' id='word_1_106' title='bbox 304 1987 422 2054; x_wconf 85' lang='lat' dir='ltr'>ficiosa</span> <span class='ocrx_word' id='word_1_107' title='bbox 453 2007 554 2073; x_wconf 90' lang='lat' dir='ltr'>quam</span> <span class='ocrx_word' id='word_1_108' title='bbox 584 1985 725 2072; x_wconf 87' lang='lat' dir='ltr'>simplex</span> <span class='ocrx_word' id='word_1_109' title='bbox 755 1986 924 2073; x_wconf 89' lang='lat' dir='ltr'>reperitur.</span> <span class='ocrx_word' id='word_1_110' title='bbox 970 1989 1082 2072; x_wconf 86' lang='lat' dir='ltr'>Atque</span> <span class='ocrx_word' id='word_1_111' title='bbox 1112 1986 1147 2050; x_wconf 89' lang='lat' dir='ltr'>in</span> <span class='ocrx_word' id='word_1_112' title='bbox 1179 1984 1329 2068; x_wconf 88' lang='lat' dir='ltr'>alteram,</span> <span class='ocrx_word' id='word_1_113' title='bbox 1361 1985 1443 2071; x_wconf 77' lang='lat' dir='ltr'>qua&#39;</span> 
     </span>
     <span class='ocr_line' id='line_1_16' title="bbox 305 2092 1428 2179; baseline -0.004 -18"><span class='ocrx_word' id='word_1_114' title='bbox 305 2116 428 2162; x_wconf 87' lang='lat' dir='ltr'>causae</span> <span class='ocrx_word' id='word_1_115' title='bbox 451 2092 665 2179; x_wconf 83' lang='lat' dir='ltr'>imperfectae</span> <span class='ocrx_word' id='word_1_116' title='bbox 690 2096 725 2158; x_wconf 92' lang='lat' dir='ltr'>et</span> <span class='ocrx_word' id='word_1_117' title='bbox 747 2092 915 2178; x_wconf 86' lang='lat' dir='ltr'>perfectae</span> <span class='ocrx_word' id='word_1_118' title='bbox 940 2092 1181 2176; x_wconf 84' lang='lat' dir='ltr'>discernuntur,</span> <span class='ocrx_word' id='word_1_119' title='bbox 1210 2092 1299 2158; x_wconf 92' lang='lat' dir='ltr'>idem</span> <span class='ocrx_word' id='word_1_120' title='bbox 1323 2092 1428 2174; x_wconf 80' lang='lat' dir='ltr'>cadit3</span> 
     </span>
     <span class='ocr_line' id='line_1_17' title="bbox 305 2198 1429 2285; baseline -0.003 -19"><span class='ocrx_word' id='word_1_121' title='bbox 305 2223 363 2267; x_wconf 90' lang='lat' dir='ltr'>eas</span> <span class='ocrx_word' id='word_1_122' title='bbox 395 2201 484 2266; x_wconf 88' lang='lat' dir='ltr'>enim</span> <span class='ocrx_word' id='word_1_123' title='bbox 516 2200 769 2281; x_wconf 83' lang='lat' dir='ltr'>controversiae,</span> <span class='ocrx_word' id='word_1_124' title='bbox 802 2200 923 2285; x_wconf 92' lang='lat' dir='ltr'>quibus</span> <span class='ocrx_word' id='word_1_125' title='bbox 957 2200 997 2265; x_wconf 93' lang='lat' dir='ltr'>de</span> <span class='ocrx_word' id='word_1_126' title='bbox 1028 2199 1163 2264; x_wconf 89' lang='lat' dir='ltr'>nomine</span> <span class='ocrx_word' id='word_1_127' title='bbox 1190 2200 1270 2265; x_wconf 87' lang='lat' dir='ltr'>lacti</span> <span class='ocrx_word' id='word_1_128' title='bbox 1302 2198 1429 2264; x_wconf 85' lang='lat' dir='ltr'>crimini</span> 
     </span>
     <span class='ocr_line' id='line_1_18' title="bbox 306 2306 1428 2393; baseline -0.002 -21"><span class='ocrx_word' id='word_1_129' title='bbox 306 2307 377 2374; x_wconf 90' lang='lat' dir='ltr'>dati</span> <span class='ocrx_word' id='word_1_130' title='bbox 400 2308 517 2391; x_wconf 82' lang='lat' dir='ltr'>agitur,</span> <span class='ocrx_word' id='word_1_131' title='bbox 550 2306 761 2393; x_wconf 87' lang='lat' dir='ltr'>imperfectas</span> <span class='ocrx_word' id='word_1_132' title='bbox 787 2309 822 2370; x_wconf 90' lang='lat' dir='ltr'>et</span> <span class='ocrx_word' id='word_1_133' title='bbox 845 2327 912 2389; x_wconf 81' lang='lat' dir='ltr'>eae,</span> <span class='ocrx_word' id='word_1_134' title='bbox 944 2307 1075 2392; x_wconf 82' lang='lat' dir='ltr'>quibus,</span> <span class='ocrx_word' id='word_1_135' title='bbox 1101 2307 1199 2392; x_wconf 90' lang='lat' dir='ltr'>quale</span> <span class='ocrx_word' id='word_1_136' title='bbox 1224 2306 1269 2372; x_wconf 91' lang='lat' dir='ltr'>sit</span> <span class='ocrx_word' id='word_1_137' title='bbox 1290 2306 1428 2390; x_wconf 85' lang='lat' dir='ltr'>factum,</span> 
     </span>
     <span class='ocr_line' id='line_1_19' title="bbox 306 2412 1427 2502; baseline -0.004 -21"><span class='ocrx_word' id='word_1_138' title='bbox 306 2415 485 2502; x_wconf 87' lang='lat' dir='ltr'>quaeritur,</span> <span class='ocrx_word' id='word_1_139' title='bbox 519 2414 683 2499; x_wconf 77' lang='lat' dir='ltr'>perlectas</span> <span class='ocrx_word' id='word_1_140' title='bbox 714 2434 833 2482; x_wconf 87' lang='lat' dir='ltr'>vocare</span> <span class='ocrx_word' id='word_1_141' title='bbox 865 2434 1080 2500; x_wconf 88' lang='lat' dir='ltr'>nequaquam</span> <span class='ocrx_word' id='word_1_142' title='bbox 1114 2416 1166 2478; x_wconf 87' lang='lat' dir='ltr'>est</span> <span class='ocrx_word' id='word_1_143' title='bbox 1198 2412 1427 2500; x_wconf 82' lang='lat' dir='ltr'>simplicitatis</span> 
     </span>
     <span class='ocr_line' id='line_1_20' title="bbox 304 2518 1428 2608; baseline -0.003 -20"><span class='ocrx_word' id='word_1_144' title='bbox 304 2522 421 2608; x_wconf 88' lang='lat' dir='ltr'>Neque</span> <span class='ocrx_word' id='word_1_145' title='bbox 452 2521 554 2605; x_wconf 84' lang='lat' dir='ltr'>igitur</span> <span class='ocrx_word' id='word_1_146' title='bbox 586 2521 732 2586; x_wconf 91' lang='lat' dir='ltr'>alienum</span> <span class='ocrx_word' id='word_1_147' title='bbox 768 2542 842 2586; x_wconf 90' lang='lat' dir='ltr'>esse</span> <span class='ocrx_word' id='word_1_148' title='bbox 873 2521 1016 2586; x_wconf 48' lang='lat' dir='ltr'>videtur.</span> <span class='ocrx_word' id='word_1_149' title='bbox 1040 2520 1201 2606; x_wconf 86' lang='lat' dir='ltr'>suspicari</span> <span class='ocrx_word' id='word_1_150' title='bbox 1233 2520 1331 2586; x_wconf 89' lang='lat' dir='ltr'>ambo</span> <span class='ocrx_word' id='word_1_151' title='bbox 1360 2518 1428 2585; x_wconf 90' lang='lat' dir='ltr'>dis-</span> 
     </span>
     <span class='ocr_line' id='line_1_21' title="bbox 306 2627 1429 2713; baseline -0.004 -19"><span class='ocrx_word' id='word_1_152' title='bbox 306 2629 444 2695; x_wconf 90' lang='lat' dir='ltr'>crimina</span> <span class='ocrx_word' id='word_1_153' title='bbox 467 2650 509 2694; x_wconf 87' lang='lat' dir='ltr'>ex</span> <span class='ocrx_word' id='word_1_154' title='bbox 532 2627 599 2693; x_wconf 88' lang='lat' dir='ltr'>alia</span> <span class='ocrx_word' id='word_1_155' title='bbox 623 2627 773 2694; x_wconf 86' lang='lat' dir='ltr'>doctrina</span> <span class='ocrx_word' id='word_1_156' title='bbox 797 2648 903 2713; x_wconf 87' lang='lat' dir='ltr'>eaque</span> <span class='ocrx_word' id='word_1_157' title='bbox 928 2627 1040 2693; x_wconf 86' lang='lat' dir='ltr'>Stoica</span> <span class='ocrx_word' id='word_1_158' title='bbox 1062 2627 1273 2713; x_wconf 86' lang='lat' dir='ltr'>philosophia</span> <span class='ocrx_word' id='word_1_159' title='bbox 1295 2629 1429 2713; x_wconf 89' lang='lat' dir='ltr'>propter</span> 
     </span>
     <span class='ocr_line' id='line_1_22' title="bbox 305 2733 1430 2820; baseline -0.004 -18"><span class='ocrx_word' id='word_1_160' title='bbox 305 2736 449 2820; x_wconf 83' lang='lat' dir='ltr'>vestigia</span> <span class='ocrx_word' id='word_1_161' title='bbox 471 2735 539 2798; x_wconf 90' lang='lat' dir='ltr'>iam</span> <span class='ocrx_word' id='word_1_162' title='bbox 562 2733 736 2820; x_wconf 86' lang='lat' dir='ltr'>patefacta</span> <span class='ocrx_word' id='word_1_163' title='bbox 765 2734 801 2798; x_wconf 92' lang='lat' dir='ltr'>in</span> <span class='ocrx_word' id='word_1_164' title='bbox 823 2733 1021 2800; x_wconf 90' lang='lat' dir='ltr'>rhetoricam</span> <span class='ocrx_word' id='word_1_165' title='bbox 1054 2756 1127 2800; x_wconf 91' lang='lat' dir='ltr'>esse</span> <span class='ocrx_word' id='word_1_166' title='bbox 1159 2734 1334 2800; x_wconf 87' lang='lat' dir='ltr'>translata.</span> <span class='ocrx_word' id='word_1_167' title='bbox 1380 2735 1430 2798; x_wconf 85' lang='lat' dir='ltr'>Ac</span> 
     </span>
     <span class='ocr_line' id='line_1_23' title="bbox 305 2840 1428 2929; baseline 0.001 -24"><span class='ocrx_word' id='word_1_168' title='bbox 305 2841 453 2929; x_wconf 87' lang='lat' dir='ltr'>profecto</span> <span class='ocrx_word' id='word_1_169' title='bbox 477 2840 671 2906; x_wconf 88' lang='lat' dir='ltr'>testimonia</span> <span class='ocrx_word' id='word_1_170' title='bbox 693 2840 789 2906; x_wconf 87' lang='lat' dir='ltr'>nobis</span> <span class='ocrx_word' id='word_1_171' title='bbox 805 2845 939 2926; x_wconf 87' lang='lat' dir='ltr'>praesto</span> <span class='ocrx_word' id='word_1_172' title='bbox 963 2846 1043 2908; x_wconf 92' lang='lat' dir='ltr'>sunt</span> <span class='ocrx_word' id='word_1_173' title='bbox 1067 2841 1110 2908; x_wconf 90' lang='lat' dir='ltr'>ad</span> <span class='ocrx_word' id='word_1_174' title='bbox 1134 2842 1222 2907; x_wconf 90' lang='lat' dir='ltr'>hanc</span> <span class='ocrx_word' id='word_1_175' title='bbox 1244 2862 1315 2906; x_wconf 86' lang='lat' dir='ltr'>rem</span> <span class='ocrx_word' id='word_1_176' title='bbox 1338 2861 1428 2906; x_wconf 93' lang='lat' dir='ltr'>com-</span> 
     </span>
     <span class='ocr_line' id='line_1_24' title="bbox 305 2946 520 3036; baseline -0.005 -23"><span class='ocrx_word' id='word_1_177' title='bbox 305 2946 520 3036; x_wconf 89' lang='lat' dir='ltr'>probandam.</span> 
     </span>
    </p>
   </div>
   <div class='ocr_carea' id='block_1_3' title="bbox 306 3071 1431 4121">
    <p class='ocr_par' dir='ltr' id='par_1_4' title="bbox 306 3071 1431 4121">
     <span class='ocr_line' id='line_1_25' title="bbox 314 3071 1429 3159; baseline 0 -21"><span class='ocrx_word' id='word_1_178' title='bbox 314 3123 317 3127; x_wconf 77' lang='lat'>.</span> <span class='ocrx_word' id='word_1_179' title='bbox 396 3071 491 3152; x_wconf 75' lang='lat' dir='ltr'>erod</span> <span class='ocrx_word' id='word_1_180' title='bbox 511 3071 554 3137; x_wconf 92' lang='lat' dir='ltr'>ad</span> <span class='ocrx_word' id='word_1_181' title='bbox 570 3073 710 3157; x_wconf 88' lang='lat' dir='ltr'>primam</span> <span class='ocrx_word' id='word_1_182' title='bbox 727 3073 1004 3157; x_wconf 83' lang='lat' dir='ltr'>distributionem,</span> <span class='ocrx_word' id='word_1_183' title='bbox 1030 3095 1097 3159; x_wconf 87' lang='lat' dir='ltr'>qua</span> <span class='ocrx_word' id='word_1_184' title='bbox 1120 3095 1243 3138; x_wconf 89' lang='lat' dir='ltr'>causae</span> <span class='ocrx_word' id='word_1_185' title='bbox 1268 3074 1429 3139; x_wconf 90' lang='lat' dir='ltr'>obscurae</span> 
     </span>
     <span class='ocr_line' id='line_1_26' title="bbox 308 3179 1428 3266; baseline -0.003 -19"><span class='ocrx_word' id='word_1_186' title='bbox 308 3185 342 3247; x_wconf 90' lang='lat' dir='ltr'>et</span> <span class='ocrx_word' id='word_1_187' title='bbox 358 3183 494 3266; x_wconf 85' lang='lat' dir='ltr'>apertae</span> <span class='ocrx_word' id='word_1_188' title='bbox 511 3179 770 3263; x_wconf 84' lang='lat' dir='ltr'>distinguuntur,</span> <span class='ocrx_word' id='word_1_189' title='bbox 796 3181 928 3263; x_wconf 87' lang='lat' dir='ltr'>attinet,</span> <span class='ocrx_word' id='word_1_190' title='bbox 955 3180 1083 3246; x_wconf 83' lang='lat' dir='ltr'>Stoicos</span> <span class='ocrx_word' id='word_1_191' title='bbox 1103 3181 1207 3246; x_wconf 86' lang='lat' dir='ltr'>resin</span> <span class='ocrx_word' id='word_1_192' title='bbox 1231 3181 1428 3246; x_wconf 84' lang='lat' dir='ltr'>manifestas</span> 
     </span>
     <span class='ocr_line' id='line_1_27' title="bbox 307 3286 1429 3374; baseline -0.003 -20"><span class='ocrx_word' id='word_1_193' title='bbox 307 3292 342 3354; x_wconf 92' lang='lat' dir='ltr'>et</span> <span class='ocrx_word' id='word_1_194' title='bbox 373 3288 531 3353; x_wconf 87' lang='lat' dir='ltr'>obscuras</span> <span class='ocrx_word' id='word_1_195' title='bbox 563 3287 718 3352; x_wconf 85' lang='lat' dir='ltr'>divisisse</span> <span class='ocrx_word' id='word_1_196' title='bbox 750 3307 791 3352; x_wconf 86' lang='lat' dir='ltr'>ex</span> <span class='ocrx_word' id='word_1_197' title='bbox 823 3286 875 3352; x_wconf 91' lang='lat' dir='ltr'>his</span> <span class='ocrx_word' id='word_1_198' title='bbox 906 3286 986 3352; x_wconf 90' lang='lat' dir='ltr'>locis</span> <span class='ocrx_word' id='word_1_199' title='bbox 1019 3287 1112 3352; x_wconf 85' lang='lat' dir='ltr'>Sexti</span> <span class='ocrx_word' id='word_1_200' title='bbox 1136 3287 1289 3374; x_wconf 83' lang='lat' dir='ltr'>Enrpirici</span> <span class='ocrx_word' id='word_1_201' title='bbox 1321 3286 1429 3368; x_wconf 84' lang='lat' dir='ltr'>colligi</span> 
     </span>
     <span class='ocr_line' id='line_1_28' title="bbox 306 3393 1430 3480; baseline -0.004 -20"><span class='ocrx_word' id='word_1_202' title='bbox 306 3398 426 3480; x_wconf 83' lang='lat' dir='ltr'>potest.</span> <span class='ocrx_word' id='word_1_203' title='bbox 471 3393 584 3479; x_wconf 86' lang='lat' dir='ltr'>Pyrrh.</span> <span class='ocrx_word' id='word_1_204' title='bbox 607 3393 684 3480; x_wconf 85' lang='lat' dir='ltr'>hyp.</span> <span class='ocrx_word' id='word_1_205' title='bbox 706 3393 810 3460; x_wconf 78' lang='lat'>1197:</span> <span class='ocrx_word' id='word_1_206' title='bbox 848 3395 920 3458; x_wconf 84' lang='grc' dir='ltr'>Τῶν</span> <span class='ocrx_word' id='word_1_207' title='bbox 951 3397 1148 3478; x_wconf 77' lang='grc' dir='ltr'><em>πραγμάτων</em></span> <span class='ocrx_word' id='word_1_208' title='bbox 1179 3449 1185 3462; x_wconf 92' lang='grc'>.</span> <span class='ocrx_word' id='word_1_209' title='bbox 1211 3445 1217 3460; x_wconf 91' lang='grc'><strong>.</strong></span> <span class='ocrx_word' id='word_1_210' title='bbox 1247 3396 1327 3459; x_wconf 83' lang='grc' dir='ltr'><em>κατὰ</em></span> <span class='ocrx_word' id='word_1_211' title='bbox 1355 3394 1430 3465; x_wconf 82' lang='grc' dir='ltr'><em>τοὺς</em></span> 
     </span>
     <span class='ocr_line' id='line_1_29' title="bbox 308 3501 1431 3587; baseline -0.002 -21"><span class='ocrx_word' id='word_1_212' title='bbox 308 3501 518 3584; x_wconf 79' lang='grc' dir='ltr'><em>δογματικοὺς</em></span> <span class='ocrx_word' id='word_1_213' title='bbox 539 3501 576 3564; x_wconf 85' lang='grc' dir='ltr'>τὰ</span> <span class='ocrx_word' id='word_1_214' title='bbox 599 3503 659 3584; x_wconf 86' lang='grc' dir='ltr'>μέν</span> <span class='ocrx_word' id='word_1_215' title='bbox 675 3503 736 3565; x_wconf 81' lang='grc' dir='ltr'><em>ἔστι</em></span> <span class='ocrx_word' id='word_1_216' title='bbox 751 3503 905 3584; x_wconf 74' lang='grc' dir='ltr'><em>πρόδηλα,</em></span> <span class='ocrx_word' id='word_1_217' title='bbox 928 3502 966 3564; x_wconf 88' lang='grc' dir='ltr'>τὰ</span> <span class='ocrx_word' id='word_1_218' title='bbox 983 3503 1017 3566; x_wconf 78' lang='grc' dir='ltr'>δὲ</span> <span class='ocrx_word' id='word_1_219' title='bbox 1033 3502 1170 3587; x_wconf 50' lang='lat' dir='ltr'>coelest)</span> <span class='ocrx_word' id='word_1_220' title='bbox 1206 3502 1268 3567; x_wconf 84' lang='lat' dir='ltr'>Hic</span> <span class='ocrx_word' id='word_1_221' title='bbox 1283 3501 1431 3586; x_wconf 80' lang='lat' dir='ltr'>quidem,</span> 
     </span>
     <span class='ocr_line' id='line_1_30' title="bbox 308 3606 1426 3692; baseline -0.003 -18"><span class='ocrx_word' id='word_1_222' title='bbox 308 3608 360 3674; x_wconf 92' lang='lat' dir='ltr'>cui</span> <span class='ocrx_word' id='word_1_223' title='bbox 383 3608 494 3672; x_wconf 89' lang='lat' dir='ltr'>sectae</span> <span class='ocrx_word' id='word_1_224' title='bbox 520 3606 781 3690; x_wconf 84' lang='lat' dir='ltr'>dogmaticorum</span> <span class='ocrx_word' id='word_1_225' title='bbox 812 3609 896 3673; x_wconf 92' lang='lat' dir='ltr'>haec</span> <span class='ocrx_word' id='word_1_226' title='bbox 918 3608 1054 3692; x_wconf 89' lang='lat' dir='ltr'>partitio</span> <span class='ocrx_word' id='word_1_227' title='bbox 1079 3609 1283 3690; x_wconf 78' lang='lat' dir='ltr'>assignanda</span> <span class='ocrx_word' id='word_1_228' title='bbox 1307 3607 1360 3691; x_wconf 86' lang='lat' dir='ltr'>sit,</span> <span class='ocrx_word' id='word_1_229' title='bbox 1392 3607 1426 3671; x_wconf 91' lang='lat' dir='ltr'>in</span> 
     </span>
     <span class='ocr_line' id='line_1_31' title="bbox 307 3713 1429 3801; baseline -0.002 -21"><span class='ocrx_word' id='word_1_230' title='bbox 307 3714 539 3801; x_wconf 88' lang='lat' dir='ltr'>quaestionem</span> <span class='ocrx_word' id='word_1_231' title='bbox 563 3715 661 3798; x_wconf 88' lang='lat' dir='ltr'>cadit,</span> <span class='ocrx_word' id='word_1_232' title='bbox 695 3713 754 3779; x_wconf 89' lang='lat' dir='ltr'>scd</span> <span class='ocrx_word' id='word_1_233' title='bbox 778 3713 821 3778; x_wconf 93' lang='lat' dir='ltr'>ad</span> <span class='ocrx_word' id='word_1_234' title='bbox 845 3714 974 3780; x_wconf 82' lang='lat' dir='ltr'>Stoicos</span> <span class='ocrx_word' id='word_1_235' title='bbox 1007 3736 1082 3780; x_wconf 88' lang='lat' dir='ltr'>eam</span> <span class='ocrx_word' id='word_1_236' title='bbox 1113 3714 1321 3780; x_wconf 87' lang='lat' dir='ltr'>referendam</span> <span class='ocrx_word' id='word_1_237' title='bbox 1354 3735 1429 3779; x_wconf 89' lang='lat' dir='ltr'>esse</span> 
     </span>
     <span class='ocr_line' id='line_1_32' title="bbox 307 3820 1428 3910; baseline 0 -24"><span class='ocrx_word' id='word_1_238' title='bbox 307 3821 464 3888; x_wconf 91' lang='lat' dir='ltr'>hocloco</span> <span class='ocrx_word' id='word_1_239' title='bbox 489 3823 637 3888; x_wconf 89' lang='lat' dir='ltr'>eiusdem</span> <span class='ocrx_word' id='word_1_240' title='bbox 670 3822 814 3886; x_wconf 88' lang='lat' dir='ltr'>auctoris</span> <span class='ocrx_word' id='word_1_241' title='bbox 846 3820 1022 3886; x_wconf 88' lang='lat' dir='ltr'>edocemur</span> <span class='ocrx_word' id='word_1_242' title='bbox 1055 3821 1179 3910; x_wconf 81' lang='lat' dir='ltr'>(Pyrrh.</span> <span class='ocrx_word' id='word_1_243' title='bbox 1203 3823 1280 3908; x_wconf 88' lang='lat' dir='ltr'>hyp.</span> <span class='ocrx_word' id='word_1_244' title='bbox 1305 3821 1428 3908; x_wconf 70' lang='lat' dir='ltr'>llaay:</span> 
     </span>
     <span class='ocr_line' id='line_1_33' title="bbox 308 3930 1427 4014; baseline -0.001 -20"><span class='ocrx_word' id='word_1_245' title='bbox 308 3933 498 4013; x_wconf 82' lang='grc' dir='ltr'><em>σημαίνοντα</em></span> <span class='ocrx_word' id='word_1_246' title='bbox 513 3931 572 4014; x_wconf 79' lang='grc' dir='ltr'>μὲν</span> <span class='ocrx_word' id='word_1_247' title='bbox 594 3931 631 3992; x_wconf 86' lang='grc' dir='ltr'>τὰ</span> <span class='ocrx_word' id='word_1_248' title='bbox 648 3930 833 4012; x_wconf 79' lang='grc' dir='ltr'><em>φαινόμενα,</em></span> <span class='ocrx_word' id='word_1_249' title='bbox 857 3931 1074 4013; x_wconf 83' lang='grc' dir='ltr'><em>σημαινόμενα</em></span> <span class='ocrx_word' id='word_1_250' title='bbox 1092 3932 1126 3995; x_wconf 79' lang='grc' dir='ltr'>δὲ</span> <span class='ocrx_word' id='word_1_251' title='bbox 1149 3931 1213 3994; x_wconf 82' lang='grc' dir='ltr'>ὑπὸ</span> <span class='ocrx_word' id='word_1_252' title='bbox 1236 3936 1300 3994; x_wconf 84' lang='grc' dir='ltr'>τῶν</span> <span class='ocrx_word' id='word_1_253' title='bbox 1315 3954 1427 4013; x_wconf 79' lang='grc' dir='ltr'><em>φαινο-</em></span> 
     </span>
     <span class='ocr_line' id='line_1_34' title="bbox 306 4034 1428 4121; baseline 0 -21"><span class='ocrx_word' id='word_1_254' title='bbox 306 4040 414 4120; x_wconf 83' lang='grc' dir='ltr'><em>μέναν</em></span> <span class='ocrx_word' id='word_1_255' title='bbox 438 4037 548 4120; x_wconf 78' lang='grc' dir='ltr'><em>ἄδηλα,</em></span> <span class='ocrx_word' id='word_1_256' title='bbox 573 4035 731 4121; x_wconf 86' lang='lat' dir='ltr'>quoniam</span> <span class='ocrx_word' id='word_1_257' title='bbox 755 4034 961 4102; x_wconf 84' lang='lat' dir='ltr'>dialecticam</span> <span class='ocrx_word' id='word_1_258' title='bbox 980 4035 1126 4102; x_wconf 83' lang='lat' dir='ltr'>Stoicam</span> <span class='ocrx_word' id='word_1_259' title='bbox 1149 4036 1183 4100; x_wconf 93' lang='lat' dir='ltr'>in</span> <span class='ocrx_word' id='word_1_260' title='bbox 1205 4035 1288 4101; x_wconf 88' lang='lat' dir='ltr'>duas</span> <span class='ocrx_word' id='word_1_261' title='bbox 1304 4038 1428 4121; x_wconf 81' lang='lat' dir='ltr'>partae,</span> 
     </span>
    </p>
   </div>
   <div class='ocr_carea' id='block_1_4' title="bbox 398 4209 1053 4318">
    <p class='ocr_par' dir='ltr' id='par_1_5' title="bbox 398 4209 1053 4318">
     <span class='ocr_line' id='line_1_35' title="bbox 398 4209 1053 4318; baseline 0.005 -16"><span class='ocrx_word' id='word_1_262' title='bbox 398 4248 416 4318; x_wconf 75' lang='lat'>1)</span> <span class='ocrx_word' id='word_1_263' title='bbox 438 4249 480 4304; x_wconf 86' lang='lat' dir='ltr'>of.</span> <span class='ocrx_word' id='word_1_264' title='bbox 500 4249 579 4303; x_wconf 72' lang='lat' dir='ltr'>sexu</span> <span class='ocrx_word' id='word_1_265' title='bbox 598 4248 628 4304; x_wconf 82' lang='lat' dir='ltr'>s.</span> <span class='ocrx_word' id='word_1_266' title='bbox 648 4249 712 4306; x_wconf 78' lang='lat' dir='ltr'>arv.</span> <span class='ocrx_word' id='word_1_267' title='bbox 731 4251 820 4306; x_wconf 84' lang='lat' dir='ltr'>math.</span> <span class='ocrx_word' id='word_1_268' title='bbox 840 4249 903 4304; x_wconf 88' lang='lat' dir='ltr'>vm</span> <span class='ocrx_word' id='word_1_269' title='bbox 919 4209 1053 4315; x_wconf 61' lang='lat' dir='ltr'>niara</span> 
     </span>
    </p>
   </div>
   <div class='ocr_carea' id='block_1_5' title="bbox 0 0 1624 5044">
    <p class='ocr_par' dir='ltr' id='par_1_6' title="bbox 0 0 1624 5044">
     <span class='ocr_line' id='line_1_36' title="bbox 0 0 1624 5044; baseline 0 0"><span class='ocrx_word' id='word_1_270' title='bbox 0 0 1624 5044; x_wconf 95' lang='lat' dir='ltr'> </span> 
     </span>
    </p>
   </div>
  </div>
 </body>
</html>
