3224 5044
780 425 980 491 ἡ8.,

361 607 435 690 138,
456 607 516 672 25:
541 609 575 680 ἐξ
598 609 684 690 ἱεροῦ
709 607 850 670 ἰδιωτικά
949 602 1441 690 Arist.rhet.Al3p.l374e,4:

315 740 360 786 τις
386 715 529 798 ὑφείλετο
556 716 711 796 χρήματα
747 714 849 795 νόμου
993 713 1108 794 κλέψαι
1127 711 1187 794 μὲν
1207 712 1337 794 ἀλλὀὐχ
1357 713 1440 794 ῖερο-

316 823 499 892 κελεύοντος
523 819 579 884 τὸν
600 821 660 902 μὲν
687 821 850 904 ἱερόσυλον
907 821 1038 902 συλῆσαι
1052 819 1103 902 (οὐ
1118 818 1178 901 γὰρ
1196 819 1276 882 θεοῦ
1288 817 1327 900 τι)
1340 867 1346 882 .
1357 865 1364 881 .
1374 867 1381 882 .
1393 815 1440 882 Of.

316 931 472 1002 τεθνάναι,
488 927 543 992 τὸν
559 927 593 992 δὲ
605 927 740 1010 κλέπτην
758 927 851 990 θιτιλᾶ
907 924 969 991 (lie.
987 924 1027 990 de
1042 923 1110 989 inV.
1123 925 1140 990 I
1155 925 1186 1006 8,
1205 924 1259 989 ll:
1277 974 1284 987 .
1298 922 1440 988 ,6611111-

317 1036 446 1108 διδόναι,
459 1036 506 1105 ώς
518 1031 679 1117 ἱερόσυλος
691 1035 849 1116 ὑπάγεται,
906 1030 1054 1098 endares
1064 1030 1242 1097 eritverbis
1252 1034 1286 1096 et
1294 1029 1441 1097 breviter
1486 1081 1492 1094 .

316 1145 334 1206 ὁ
359 1143 394 1207 δὲ
416 1144 550 1224 κλέπτης
572 1141 649 1205 εἶναι
671 1142 760 1223 λέγει.
905 1137 1133 1221 describenda,
1147 1140 1195 1221 ut,
1206 1137 1235 1202 si
1243 1138 1300 1223 qui
1308 1157 1439 1202 sacrum

359 1247 406 1314 uf.
424 1246 499 1331 154,
514 1247 565 1312 31.
905 1267 947 1311 ex
959 1245 1091 1331 private
1105 1244 1309 1330 surripuerit,
1327 1248 1440 1310 utrum

904 1352 958 1417 fur
970 1369 1015 1418 an
1030 1351 1211 1434 sacrilegus
1227 1351 1273 1416 sit
1287 1350 1439 1417 iudicen-

905 1458 976 1525 dus.
1016 1458 1126 1539 Quint.
1143 1458 1220 1524 inst.
1237 1479 1281 1524 er.
1298 1457 1382 1541 1116,
1395 1457 1436 1522 41

514 1619 517 1625 .
906 1566 980 1651 (49).
1012 1564 1130 1632 Ibid.V
1147 1566 1199 1648 10,
1213 1564 1298 1650 3111)

358 1675 481 1758 166,1;
505 1682 551 1758 τῷ
564 1675 719 1760 ἱεροσύλῳ
735 1675 849 1758 κλέπτη
950 1673 1243 1758 Arisi.rhei.A7p.
1253 1671 1438 1754 13631),32;

317 1783 394 1848 εἶναι
422 1785 601 1865 ἀναγκαῖον·
631 1783 649 1846 ὁ
678 1781 738 1864 γὰρ
767 1782 848 1864 ῖερό-
906 1782 1038 1864 δυνάμει
1063 1781 1119 1864 (sc.
1136 1779 1252 1862 ἕπεται)
1281 1787 1327 1862 τῷ
1356 1782 1437 1862 ἱερο-

315 1891 408 1960 συλος
431 1891 564 1971 κλέπτης
587 1891 682 1972 ἱερῶν
705 1890 766 1952 ἐστι
790 1889 846 1970 δή·
903 1888 1005 1952 συλεῖν
1035 1887 1070 1951 τὸ
1102 1889 1291 1970 ἀποστερεῖν·
1328 1888 1346 1950 ὁ
1377 1886 1438 1970 γάρ

312 2020 376 2061 που
400 1998 582 2080 χρημάτων.
903 1995 1107 2077 ἱεροσυλήσας
1120 1994 1437 2076 κᾶνάτιοστερήσειεν.

361 2103 433 2183 166,
447 2102 503 2167 23:
525 2103 665 2185 ἀμύητος
677 2102 757 2183 ὄναρ
769 2101 848 2164 ι’θὼν
949 2099 1040 2183 Diog.
1056 2098 1091 2164 L.
1098 2098 1158 2163 Vll
1175 2099 1255 2165 186:
1282 2099 1321 2164 Ὁ
1336 2100 1437 2182 λέγων

311 2211 349 2273 τά
372 2211 528 2292 μυστήρια
551 2209 644 2292 ἤρετό
671 2232 738 2271 τινα
767 2207 845 2291 [μυ-
901 2215 965 2278 τοῖς
1003 2209 1155 2290 ἀμυήτοις
1196 2207 1234 2270 τά
1271 2209 1436 2291 μυστήρια,

312 2316 457 2400 ηθὲνια],
467 2315 692 2389 εἰπὼνάεῖθεν,
706 2317 735 2378 εἰ
744 2316 847 2386 οὕτως
902 2317 1014 2398 ἀσεβεῖ·
1054 2317 1074 2378 ὁ
1112 2315 1337 2396 θ’ῖεροφάντης
1374 2320 1438 2384 τοῖς

312 2425 383 2506 ἔχει.
407 2424 616 2507 συγκατέθετο
641 2423 848 2505 α’ἕριυτηθελς
901 2423 1054 2505 ἀμυήτοις
1083 2422 1171 2503 λέγει·
1201 2419 1310 2504 ἀσεβεῖ
1332 2423 1395 2504 ἄρα
1419 2421 1437 2484 ὁ

311 2531 365 2594 καλ
388 2532 435 2601 ὡς
458 2531 591 2604 ἐξειπὼν
613 2531 772 2612 ὑπάγεται.
903 2531 1099 2612 ἱεροφάντης.

403 2637 540 2702 Praeter
571 2633 760 2720 exemplum
795 2634 906 2710 altero,
935 2633 1007 2701 loeo
1043 2633 1184 2700 allatum
1220 2635 1332 2700 omnIa
1365 2632 1436 2699 fere

317 2745 437 2825 uetera,
461 2743 606 2829 quaein
630 2763 669 2808 eo
694 2740 813 2827 eapite,
839 2742 927 2827 quod
952 2743 1004 2808 est
1020 2741 1060 2806 de
1077 2743 1230 2808 statuum
1245 2741 1435 2827 partitione,

306 2852 462 2935 exstant,
486 2848 687 2935 pervulgata
709 2869 784 2915 esse
808 2848 860 2914 his
884 2848 1188 2935 comparationibus
1213 2850 1361 2935 apparet.

355 2956 466 3020 Herm.
484 2955 588 3044 8qu
606 2955 683 3040 138,
704 2955 762 3022 14:
790 2982 845 3020 πε-
953 2956 1049 3022 Auet.
1078 2956 1122 3021 ad
1153 2954 1230 3021 Her.
1256 2954 1271 3019 I
1301 2955 1350 3038 11,
1380 2954 1436 3020 18;

312 3066 460 3147 φώραταί
470 3089 514 3135 τις
525 3065 661 3128 θάπτων
672 3065 847 3146 νεοσφαγὲς
902 3061 990 3128 Aiax
1005 3062 1039 3128 in
1057 3062 1153 3148 silva,
1179 3065 1360 3149 postquam
1383 3082 1436 3126 re-

312 3177 407 3254 σῶμα
435 3173 481 3235 ἐπ’
501 3173 641 3255 ἐρημίας,
665 3172 719 3235 καὶ
742 3173 845 3254 φόνου
901 3169 984 3253 sciit,
1010 3190 1097 3256 quae
1119 3169 1254 3235 iecisset
1268 3190 1327 3255 per
1342 3169 1435 3234 inse-

311 3280 427 3362 φεύγει.
464 3277 510 3343 Of.
533 3277 607 3360 134,
627 3276 687 3359 263
718 3276 790 3359 147,
808 3277 845 3359 23
901 3275 1000 3350 niam,
1016 3275 1297 3359 gladieineubuit.
1321 3274 1435 3341 Ulixes

314 3383 386 3465 149,
400 3384 451 3448 25.
901 3382 1093 3465 intervenit,
1107 3383 1254 3449 occisum
1266 3382 1436 3469 conspice-

861 3517 864 3522 ¹
901 3492 965 3572 tur,
988 3510 1122 3576 corpore
1138 3489 1244 3556 telum
1260 3492 1435 3555 cruentum

902 3595 1021 3662 educit.
1079 3597 1205 3663 Teucer
1242 3597 1433 3680 intervenit,

902 3703 1038 3770 fratrem
1072 3703 1232 3789 eeeisum,
1264 3703 1436 3768 inimicum

899 3811 1011 3876 fratris
1044 3832 1119 3877 eum
1151 3810 1261 3895 gladio
1297 3813 1434 3876 eruente

899 3916 1001 4002 videt,
1027 3919 1146 4003 eapitis
1170 3917 1318 3984 arcessit.

311 4076 335 4147 [ἢ
354 4077 407 4129 ἀπὸ
426 4080 472 4141 τῆς
488 4079 551 4146 περὶ
568 4075 599 4128 τὸ
617 4074 761 4147 πρόσωπον
779 4075 913 4146 ῖιποφίαςλ.
937 4077 992 4132 De
1016 4076 1107 4132 verbis
1132 4077 1211 4132 uncis
1235 4077 1351 4132 inclusis
1370 4077 1435 4130 vide

309 4165 379 4221 Mus.
399 4165 490 4220 Rhen.
516 4165 571 4220 vol.
591 4164 677 4219 LVIII
694 4182 722 4236 p.
742 4163 796 4220 210
820 4165 862 4235 (H.
882 4165 970 4230 Rabe,
989 4165 1433 4236 Hermogenes-Handsehriften).

399 4254 418 4324 ²)
438 4254 480 4311 CI.
498 4254 599 4308 Thielii
617 4253 678 4308 libr.
697 4255 742 4310 all.
755 4271 782 4325 p.
798 4254 849 4310 164
858 4271 899 4326 sq.
