3224 5044
765 413 988 478 ..12-

314 593 517 675 φαρμακείας
541 593 662 674 ἀκήκοε
684 591 780 656 πλέον
797 593 851 656 ού-

908 591 1111 677 nuptiarum,
1126 591 1235 658 dubiis
1252 592 1354 676 signis
1368 614 1443 660 oru-

315 700 376 772 δέν,
399 700 543 782 μοιχείαν
570 701 605 763 δὲ
627 708 682 782 τῆς
706 699 853 782 γυναικὸς
908 697 1024 764 ditatis
1048 701 1084 764 et
1106 699 1236 766 veneni.
1261 699 1359 765 torsit
1379 720 1442 765 an-

313 806 395 888 πρδς
418 805 472 869 τὸν
494 815 669 890 μνηστῆρα,
692 807 745 870 καί
769 831 852 890 φαρ-

312 915 446 996 μακείας
469 917 566 996 κρίνει
587 915 644 996 τὴν
667 920 808 996 γυναῖκα.

362 1551 478 1634 145,9;
509 1553 564 1617 τδν
587 1553 661 1625 τοὺς
684 1555 848 1637 ἀποκηρύ-

316 1685 411 1730 κτούς
426 1663 580 1743 τρέφοντα
604 1663 676 1725 νέον
698 1663 849 1725 πλούσιον

313 1767 367 1830 καί
390 1768 547 1850 φεύγοντα
575 1769 760 1849 τυραννίδος
783 1769 848 1832 έπι-

313 1875 592 1956 δέσεωςδκρίνων
605 1876 738 1958 μάλιστα
751 1877 849 1957 ἰσχύει

312 1988 368 2064 τῆς
393 1982 558 2064 ποιότητος
588 1987 653 2046 τῶν
683 1983 848 2065 ἀποκηρύ-

312 2112 398 2152 κταιν
414 2090 646 2171 ἐξεταζομένης.
672 2086 717 2152 Cf.
735 2088 809 2170 146,
820 2089 848 2153 5.

358 2193 473 2275 147,6;
488 2201 629 2278 συνεχῶς
638 2195 847 2279 εἰςτὴνάκρύ-

312 2302 403 2364 πολιν
430 2303 501 2372 νέος
530 2301 680 2373 πλούσιος
712 2305 848 2386 ἀφορῶν

314 2409 444 2491 δακρύει
467 2409 521 2473 καί
540 2411 650 2492 φεύγει
665 2411 848 2493 τυραννίδος

313 2517 495 2587 ἐπιθέσεως.
543 2514 587 2582 Of.
606 2516 679 2600 147,
692 2517 743 2581 31.

358 3047 432 3129 153,
460 3049 514 3114 18:
534 3103 535 3108 1
553 3051 707 3132 τύραννον
746 3054 847 3116 έτιεισε

312 3156 489 3239 φιλόσοφος
512 3158 694 3222 ἀποδέσδαι
716 3159 772 3242 την
792 3184 844 3223 τν-

312 3265 442 3346 ραννίδα
465 3265 518 3327 καὶ
542 3267 620 3328 αι’τεῖ
639 3266 674 3329 τὸ
699 3268 799 3348 γέρας.

357 3583 430 3665 155,
439 3586 497 3648 11;
517 3586 704 3668 πρεσβεύων
712 3610 845 3668 τιςπαρ

311 3692 417 3755 έδετο
431 3716 477 3774 τῳ
508 3715 672 3775 στρατηγῳ
700 3693 756 3774 τὴν
783 3694 844 3757 δσ-

311 3800 433 3881 γατέρα.
450 3800 645 3881 ἕβιάσατο’
608 3799 705 3881 αυτὴν
717 3801 844 3874 ἐκεῖνος,

310 3929 364 3969 και
356 3905 596 3988 δημοσίων
558 3930 618 3987 μεν
638 3907 844 3989 ἀδικημάτων

311 4012 843 4096 δπατὴραύτδνέτιανελύὼνκρίνει,

310 4119 328 4182 ὁ
353 4118 464 4188 δὲτὰς
487 4121 604 4201 μορίας
620 4121 844 4185 κατατίύεσύαι

311 4227 400 4299 ἀξιοῖ.

908 800 1017 870 uillam
1040 807 1152 891 pater3
1176 804 1260 871 dixit
1282 805 1339 873 illa
1362 807 1445 872 nihil

907 932 943 976 se
976 912 1058 978 seire
1082 910 1122 977 de
1146 933 1287 997 veneno,
1320 912 1379 978 sed
1403 912 1443 980 de

906 1017 1070 1085 adulterio
1102 1019 1257 1085 dominae
1291 1024 1324 1086 ot
1360 1021 1441 1105 eius,

906 1125 959 1190 oui
983 1125 1216 1192 conlocaturus
1239 1126 1346 1192 filiam
1362 1131 1441 1194 erat.

906 1234 1044 1298 accusat
1066 1253 1203 1299 uxorem
1229 1233 1386 1300 veneficii
1409 1238 1442 1301 et

905 1337 1067 1404 adulterii.

951 1445 998 1513 of.
1021 1446 1207 1535 Ps.-Qur]nt.
1233 1447 1312 1514 deol.
1337 1447 1411 1514 354.

949 1553 1128 1633 Pa-Quint.
1146 1553 1226 1620 dool.
1239 1554 1318 1621 260:
1339 1553 1441 1621 Dives

905 1658 1103 1726 adulescens
1116 1661 1290 1728 abdicatos
1303 1661 1440 1748 reeipie-

903 1766 965 1833 bat
981 1769 1016 1832 et
1032 1766 1072 1834 de
1090 1789 1150 1851 suo
1173 1767 1303 1851 alobat;
1326 1766 1440 1834 laesae

903 1873 1126 1960 reipublicae
1150 1895 1226 1940 reus
1251 1878 1311 1941 est.

947 2194 1134 2276 Ps-Quiut.
1149 2195 1228 2262 deol.
1241 2194 1307 2263 267
1316 2218 1322 2260 :
1339 2195 1438 2262 Flons
1537 2219 1544 2230 ¹

903 2300 947 2367 ad
963 2323 1083 2385 arcem,
1107 2302 1275 2389 depositor
1290 2304 1438 2390 tyranni-

903 2408 962 2475 dis.
985 2407 1186 2475 Adfeotatae
1199 2408 1385 2493 tyrannidis
1395 2410 1440 2475 sit

903 2516 1000 2583 actio.
1048 2517 1110 2596 Qui
1138 2516 1353 2604 tyrannidem
1377 2517 1436 2582 de-

901 2625 1062 2708 posuerat
1085 2623 1147 2688 sub
1164 2627 1263 2708 paoto
1281 2623 1437 2689 abolitio-

901 2729 964 2814 nis,
996 2730 1093 2794 iuxta
1124 2750 1235 2797 aroorn
1262 2730 1349 2798 flens
1377 2729 1436 2795 de-

900 2836 1088 2921 prehensus
1132 2839 1197 2921 est,
1245 2837 1435 2904 adfectatae

901 2941 1089 3030 tyrannidis
1113 2964 1189 3027 reus
1214 2947 1274 3010 est.

946 3048 1040 3116 Oorn.
1057 3053 1117 3116 art.
1137 3052 1221 3117 rhet.
1238 3053 1314 3137 epit.
1333 3073 1364 3137 p.
1380 3051 1434 3133 43,

902 3157 944 3221 10
961 3155 1031 3222 GL:
1057 3158 1111 3243 [ὁ]
1136 3160 1313 3243 φιλόσοφος
1327 3161 1436 3231 πείσας

899 3265 954 3328 τὸν
976 3267 1131 3349 τύραννον
1159 3268 1356 3332 καταύέσδοι
1379 3267 1435 3350 τὴν

899 3373 1068 3455 τυραννίδα
1092 3373 1145 3436 καὶ
1168 3375 1264 3437 αἰτῶν
1279 3373 1315 3437 τδ
1331 3376 1433 3457 γέρας.

900 3476 946 3542 of.
971 3476 1080 3557 Quint.
1097 3477 1157 3543 VH
1181 3479 1254 3563 3,.7

946 3583 999 3650 Ps
1017 3584 1128 3666 Quint.
1149 3585 1228 3651 decl.
1250 3578 1336 3652 370:
1372 3585 1434 3666 Qui

899 3691 1080 3775 ingenuam
1118 3692 1337 3778 stupraverit,
1308 3692 1435 3758 tdet

900 3797 1013 3865 decem
1037 3799 1137 3866 milia
1184 3798 1229 3865 Of
1254 3798 1334 3866 decl.
1359 3798 1432 3866 252.
