3224 5044
781 471 1003 536 ..22-

330 648 515 734 dequibus
541 647 615 714 vide
639 652 749 716 Herm.
775 647 827 735 Sp.
848 649 877 714 ΙΙ
906 647 980 732 209,
1002 649 1060 714 19:
1100 700 1106 714 .
1136 702 1142 714 .
1167 699 1173 714 .
1203 653 1270 716 οἷον
1298 653 1371 731 ἐξῆν
1397 677 1453 734 μοι

328 763 442 820 κτεῖναι
469 755 523 820 τὸν
550 757 629 829 υἱόν,
657 757 873 840 ἀντιληπτικὸν
898 757 934 819 τὸ
962 758 1143 839 κεφάλαιον.
1175 757 1238 821 εἶτα
1263 761 1282 841 ἡ
1307 761 1452 832 ἔνστασις,

329 865 389 927 οὐκ
413 865 494 945 ἐξῆν.
518 865 547 926 εἰ
568 863 602 927 δὲ
625 865 678 926 καὶ
702 865 783 946 ἐξῆν,
808 865 938 927 ἀλλὀὐκ
962 866 1098 928 ἐνώπιον
1112 872 1167 947 τῆς
1181 867 1311 948 μητρός,
1335 867 1452 948 ἡάνιι-

328 971 529 1052 παράστασις.
556 1021 562 1033 .
587 1020 593 1034 .
619 1021 624 1033 ,
648 971 708 1054 χρὴ
727 971 762 1034 δὲ
785 973 870 1054 ἡμᾶς
892 972 1108 1035 καθ’ἕκαστον
1130 977 1195 1035 τῶν
1209 973 1394 1055 κεφαλαίων
1417 975 1449 1035 ἒν

328 1078 413 1159 πάσῃ
442 1077 544 1140 στάσει
574 1079 743 1158 πειρᾶσθαι
772 1079 828 1148 τὰς
856 1078 964 1160 μάχας
993 1077 1047 1140 καὶ
1075 1078 1131 1149 τὰς
1157 1079 1355 1149 κατασκευάς
1379 1082 1450 1142 κατ’

329 1183 435 1246 εἰκόνα
458 1191 512 1265 τῆς
536 1185 708 1254 ἒνστάσεαις
731 1185 785 1247 καὶ
808 1185 1102 1267 ἀντιπαραστάσεως
1125 1185 1264 1267 εἰσάγειν.
1301 1183 1451 1270 Denique

329 1288 599 1374 Thrasymachus
637 1289 787 1375 sophista
821 1288 895 1354 ideo
928 1289 1237 1356 commemorandus
1269 1293 1330 1371 est,
1364 1291 1452 1375 quod

329 1394 520 1461 Aristotelis
551 1396 736 1461 rhetoricae
768 1397 858 1461 tertii
885 1390 960 1461 libri
989 1397 1097 1482 capite
1121 1395 1202 1480 XV,
1230 1398 1266 1461 in
1296 1397 1451 1482 quoiam

329 1502 458 1568 semina
482 1506 634 1568 statuum
657 1503 792 1586 agnosci
816 1506 968 1599 possunt,
993 1505 1063 1588 περὶ
1079 1511 1143 1568 τῶν
1159 1506 1319 1588 διαβολῶν
1343 1505 1452 1586 agitur

329 1613 431 1695 atque
457 1611 491 1675 in
515 1610 579 1676 hac
601 1610 675 1696 ipsa
698 1631 732 1674 re
756 1608 810 1675 ille
827 1613 983 1676 versatus
1008 1631 1082 1676 esse
1105 1610 1262 1696 dieitur,1)
1278 1613 1338 1692 ita,
1356 1614 1395 1676 ut
1411 1633 1453 1675 ex

330 1716 402 1782 eius
427 1719 499 1782 arte
522 1716 603 1781 illud
624 1718 729 1803 ¹caput
751 1717 892 1782 fluxisse
916 1718 1065 1782 conicere
1088 1716 1196 1783 liceat.

422 1823 551 1906 Restat,
575 1825 615 1888 ut
638 1844 696 1889 eos
719 1823 818 1908 locos,
844 1825 901 1908 qui
916 1823 950 1888 in
967 1823 1161 1889 Aristotelisv
1172 1823 1338 1890 rhetorica
1361 1828 1396 1890 et
1418 1825 1452 1889 in

329 1951 370 1996 ea
395 1933 475 2012 arte,
501 1951 587 2015 quae
613 1930 829 1995 Anaximenis
854 1931 897 1996 ad
913 1929 1139 1996 Alexandrum
1164 1929 1279 2016 fertur,
1305 1931 1348 1996 ad
1372 1953 1452 1997 eau-

329 2058 441 2102 sarum
462 2037 697 2103 tractationem
713 2037 889 2122 pristinam
906 2041 1070 2125 spectant,
1089 2036 1291 2122 colligamus.
1320 2038 1451 2104 Etenim

329 2166 379 2228 ea,
413 2165 500 2230 quae
533 2144 622 2230 apud
647 2143 840 2226 Stagiritam
873 2147 1002 2211 semina
1029 2147 1182 2210 statuum
1212 2148 1450 2230 cognoscimus

329 2250 372 2316 ab
396 2272 436 2316 eo
464 2271 532 2317 non
556 2272 630 2317 esse
658 2252 807 2333 inventa,
840 2250 899 2317 sed
923 2252 1049 2317 tradita
1081 2250 1157 2316 inde
1182 2256 1331 2339 apparet,
1364 2253 1450 2338 quod

328 2378 496 2442 nusquam
521 2358 562 2423 de
592 2358 639 2423 eis
663 2359 720 2424 via
743 2380 783 2424 ae
805 2358 934 2424 ratione
959 2358 1180 2444 disputavirr)
1227 2359 1387 2444 Aequod
1411 2358 1451 2425 de

329 2468 464 2531 auctore
499 2468 533 2530 et
564 2468 678 2532 aetate
709 2466 893 2531 rhetoricae
925 2464 968 2530 ad
1005 2465 1233 2531 Alexandrum
1261 2467 1449 2548 ambigitur,

329 2594 389 2656 ego
414 2573 568 2658 equidem
593 2571 636 2638 ad
659 2573 826 2638 Brroskae
844 2575 878 2638 et
893 2571 1083 2658 lpfelhoferi
1100 2573 1304 2639 sententiam
1321 2573 1451 2656 accedo,

329 2680 387 2764 qui
411 2701 486 2745 sam
510 2684 600 2745 ante·
614 2679 828 2744 Aristotelem
854 2679 1076 2766 conscriptam
1100 2700 1174 2745 esse
1198 2681 1392 2764 statuunt.'³)

421 2786 471 2852 En
501 2785 606 2851 habes
630 2785 720 2851 locos
751 2787 786 2851 in
814 2807 881 2852 uno
911 2789 1092 2872 conspeetu
1119 2787 1247 2872 positos
1276 2787 1450 2852 brevitatis

329 2915 432 2958 causa
456 2893 603 2957 numeris
627 2895 761 2958 tantum
787 2893 1031 2976 significatam

420 3054 437 3123 1)
458 3052 530 3107 Plat.
549 3052 668 3106 Phaedr.
688 3070 714 3122 p.
728 3053 829 3108 267D:
856 3049 1007 3122 διαβάλλειν
1031 3072 1059 3104 τε
1081 3057 1126 3104 καὶ
1151 3051 1337 3105 ἀπολύσασθαι
1362 3050 1452 3122 διαβο-

327 3139 375 3198 λὰς
393 3138 491 3206 seoda
509 3140 647 3211 κράτιστος
668 3142 714 3212 (sc.
735 3141 922 3213 Θρασίμαχος).

420 3233 438 3301 l)
458 3232 490 3286 V.
510 3232 554 3286 Fr.
573 3233 659 3296 Marx,
679 3232 795 3286 Aristot.
820 3231 967 3284 Rhetorik.
994 3231 1264 3300 (Sitzungsberichte
1290 3233 1314 3286 d.
1340 3232 1402 3302 Kgl.
1422 3232 1451 3286 S.

328 3321 480 3375 Gesellsch.
501 3321 527 3374 d.
546 3320 631 3375 Wiss
650 3320 863 3374 Philol-histor.
883 3319 926 3372 Kl.
943 3319 1012 3373 1900
1030 3337 1055 3390 p.
1070 3320 1122 3374 248
1131 3320 1202 3391 sqq.)

424 3411 442 3478 ³)
462 3409 659 3464 V.Wiss0wae
673 3408 816 3479 encyclop.
832 3409 883 3462 col.
897 3407 981 3462 2090:
1001 3409 1053 3462 Die
1072 3409 1183 3478 spitest
1201 3409 1345 3463 erwihnte
1365 3409 1452 3463 'lhot-

328 3499 415 3554 sache
436 3499 473 3553 ist
492 3500 535 3554 die
554 3499 714 3567 Besiegung
734 3498 782 3552 der
794 3498 953 3567 Karthager
973 3497 1061 3552 durch
1075 3498 1221 3552 Timoleon
1239 3498 1277 3551 im
1290 3498 1377 3552 Jahre
1390 3497 1450 3563 343,

329 3588 438 3642 danaeh
452 3588 563 3642 scheint
583 3588 627 3641 die
640 3586 754 3640 Techne
766 3604 814 3640 urn
827 3587 881 3641 340
893 3586 1085 3655 gesehrieben,
1101 3587 1151 3640 das
1164 3587 1202 3640 ist
1214 3603 1265 3640 vor
1277 3586 1451 3640 Aristoteles'

327 3678 475 3744 Rhetorik,
495 3678 523 3730 in
543 3677 591 3730 der
611 3677 660 3729 der
677 3675 766 3729 letzte
785 3676 870 3744 Krieg
888 3675 1015 3745 Philipps
1034 3677 1092 3729 und
1111 3676 1160 3729 der
1178 3676 1304 3729 Athener
1324 3675 1453 3729 erwdhnt

328 3767 404 3821 wird.
431 3767 473 3821 cf.
487 3763 646 3836 Ipfelkoier,
665 3764 718 3818 Die
736 3763 873 3818 Rhetorik
892 3764 941 3818 des
953 3765 1142 3819 Anaximenes
1162 3768 1245 3819 unter
1264 3765 1317 3819 den
1330 3764 1452 3818 Werken

328 3856 377 3910 des
396 3855 573 3910 Aristoteles.
611 3853 770 3922 Wr'nzburg
792 3854 868 3908 1889.
889 3870 914 3923 p.
931 3853 977 3907 12:
1003 3854 1035 3906 In
1060 3853 1123 3907 dem
1143 3854 1188 3908 nie
1207 3853 1451 3908 unterbrochenen

328 3945 649 4014 ilntwickelungsgange
669 3945 717 3998 der
736 3943 873 3996 Rhetorik
887 3983 893 3998 .
908 3985 922 4007 .,
944 3946 1025 3998 unter
1044 3942 1124 3996 ihren
1142 3942 1362 3997 verschiedenen
1381 3942 1452 3997 Aus-

328 4033 553 4103 bildungsstufen
579 4033 637 4086 und
657 4032 782 4097 Studien,
806 4033 882 4086 kann
907 4049 992 4087 unser
1011 4032 1090 4087 Buch
1116 4049 1168 4086 nur
1185 4033 1266 4086 Platz
1285 4030 1382 4085 finden
1401 4047 1452 4084 vor

329 4124 377 4176 der
395 4122 596 4176 Wirksamkeit
615 4122 664 4176 des
676 4122 852 4176 Aristoteles
890 4121 979 4175 Aliter
997 4121 1104 4175 iudicat
1116 4119 1452 4175 Wilamowirzdloellen-

329 4210 405 4266 dorff
425 4211 525 4280 (Herm.
540 4211 582 4275 34,
594 4211 664 4279 618).

418 4301 438 4370 ⁴¹)
459 4301 499 4355 Cf.
518 4301 642 4354 Navarra
661 4301 677 4354 l.
698 4301 742 4355 all.
764 4318 789 4370 p.
802 4299 856 4354 259
866 4316 926 4370 sqq.
