3198 5054
751 399 972 466 ,74-

391 578 507 666 Neque
540 582 655 645 tamen
688 577 798 644 adhuc
830 578 942 644 omnia
969 577 1114 661 vestigia
1137 577 1324 642 Stoicorum
1346 576 1424 642 huic

302 685 495 772 disciplinae
520 686 695 768 oratoriae,
720 683 760 751 de
784 706 852 770 qua
875 684 1016 768 agimus,
1040 685 1203 769 impressa
1224 683 1423 770 aperuimus.

301 791 338 858 Id
361 813 494 879 quoque
518 792 703 875 discrimen,
729 813 794 878 quo
811 791 1027 877 quaestiones
1043 791 1226 857 rationales
1242 794 1278 856 et
1300 790 1423 874 legales

302 900 568 982 distinguuntur,
607 898 738 964 illorum
778 899 963 965 doctrinam
1001 898 1137 964 redolet
1194 897 1347 983 Namque
1386 900 1424 963 ut

301 1007 378 1072 illae
403 1005 443 1072 de
466 1005 576 1091 factis,
609 1007 673 1072 hae
698 1004 738 1072 de
761 1004 872 1072 verbis
896 1005 1037 1072 alieuius
1061 1005 1310 1072 constitutionis
1334 1007 1423 1087 sunt,

259 1171 270 1191 ,
303 1114 350 1180 sic
373 1112 566 1180 dialecticae
591 1111 733 1194 Stoicae,
765 1116 805 1179 ut
827 1111 895 1177 iarn
919 1111 1184 1194 commemoravi,
1217 1110 1323 1178 altera
1345 1131 1423 1197 pars

302 1223 355 1286 est
377 1222 448 1302 περὶ
471 1222 697 1305 σημαινόμενα,
721 1219 740 1284 i.
757 1242 784 1286 e.
801 1219 842 1285 dc
865 1219 975 1302 rebilS,
1000 1219 1108 1284 altera
1130 1221 1202 1303 περὶ
1222 1221 1422 1302 σημαίνοντα,

301 1329 319 1393 i.
345 1348 371 1392 e.
396 1327 436 1392 de
460 1326 580 1392 verbis.
628 1326 720 1406 Quae
752 1327 955 1412 comparatio
987 1327 1039 1392 his
1069 1326 1151 1393 locis
1182 1325 1424 1412 comprobatur.

302 1433 412 1514 Quint.
435 1433 479 1498 111
503 1435 533 1519 5,
546 1433 584 1499 4:
612 1433 714 1500 »Illud
734 1433 803 1499 iam
819 1453 935 1498 omnes
950 1432 1101 1500 fatentur
1117 1453 1192 1499 esse
1208 1432 1423 1519 quaestiones

300 1540 336 1606 in
360 1541 481 1626 scripto
513 1543 548 1605 et
578 1541 613 1606 in
643 1561 712 1606 non
743 1541 880 1626 script03
911 1540 947 1605 in
977 1539 1099 1626 scripto
1125 1539 1165 1606 de
1188 1539 1268 1624 iure,
1296 1539 1332 1604 in
1354 1559 1423 1604 non

302 1648 424 1734 scripto
448 1645 490 1712 de
506 1668 550 1712 re.
588 1646 673 1712 Illud
688 1645 860 1729 rationale,
877 1647 940 1712 hoo
956 1647 1062 1730 legale
1078 1667 1184 1729 genus
1200 1645 1423 1728 Hermagoras

301 1757 403 1840 atque
428 1774 504 1818 eum
528 1754 635 1820 secuti
659 1757 790 1835 vocant,
814 1753 848 1818 id
871 1757 924 1820 est
946 1754 1081 1838 νομικὸν
1104 1755 1139 1820 et
1160 1755 1296 1836 λογικόν.
1331 1752 1423 1818 Idem

301 1861 461 1943 sentiunt,
493 1860 550 1947 qui
582 1881 715 1926 omnem
739 1861 972 1946 quaestionem
994 1864 1126 1946 ponunt
1148 1861 1183 1926 in
1206 1860 1307 1926 rebus
1331 1860 1423 1925 etin

300 1968 438 2034 verbis«
480 1967 585 2048 Adde,
610 1966 697 2053 quod
723 1967 823 2053 paulo
847 1968 999 2051 superius
1024 1967 1145 2050 legitur
1160 1965 1194 2054 (ξ
1213 1967 1259 2055 1);
1287 1965 1421 2032 »Omnis

300 2078 415 2140 autern
448 2074 555 2140 oratio
580 2077 714 2140 constat
736 2077 797 2139 aut
821 2095 861 2140 ex
884 2073 946 2159 his,
977 2095 1064 2160 quae
1089 2074 1330 2157 significantur,
1362 2076 1423 2138 aut

301 2202 343 2245 ex
367 2180 429 2263 his,
455 2201 541 2266 quae
566 2179 767 2264 significant,
791 2180 825 2246 id
849 2183 902 2246 est
924 2181 1025 2246 rebus
1045 2184 1080 2247 et
1095 2181 1264 2263 verbis.»1)
1310 2181 1422 2266 Atque

301 2287 390 2353 hanc
413 2287 627 2373 partitionem
652 2287 866 2354 aPosidonie
883 2288 995 2354 Stoico
1018 2288 1054 2353 in
1074 2288 1221 2354 statibus
1237 2287 1422 2354 tractandis

301 2392 486 2460 adhibitam
518 2414 593 2460 esse
626 2395 850 2476 Quintilianus
881 2395 981 2481 plane
1012 2394 1093 2461 dicit
1123 2395 1178 2474 (III
1200 2396 1231 2478 6,
1245 2394 1316 2480 37):
1366 2394 1423 2458 »In

301 2499 366 2567 duo
399 2503 434 2566 et
456 2500 655 2567 Posidonius
678 2501 805 2584 dividit,
835 2523 952 2568 vocem
977 2505 1012 2568 et
1034 2524 1095 2568 res.
1141 2503 1178 2568 ln
1202 2522 1284 2568 voce
1307 2501 1423 2587 quaeri

300 2611 409 2693 putat,
446 2630 491 2674 an
522 2608 698 2692 significet,
731 2608 819 2694 quid,
853 2630 953 2696 quam
986 2608 1101 2692 multa,
1134 2631 1199 2695 quo
1229 2607 1356 2674 modo‘?
1386 2607 1421 2672 in

299 2715 399 2780 rebus
424 2715 658 2796 coniecturam,
683 2715 772 2800 quod
792 2719 857 2780 κατ’
876 2719 1023 2799 αἴσθησιν
1037 2719 1147 2799 vocat,
1173 2719 1207 2781 et
1223 2715 1422 2802 qualitatem

300 2825 335 2886 et
365 2821 560 2903 finitionem,
593 2821 645 2886 cui
676 2841 797 2886 nomen
829 2821 888 2889 dat
909 2826 975 2888 κατ’
1002 2827 1133 2898 ἔννοιαν,
1165 2827 1200 2888 et
1222 2821 1266 2888 ad
1289 2819 1421 2908 aliquid.

299 2926 394 2992 Unde
418 2930 454 2993 et
475 2926 533 2994 illa
557 2927 674 2993 divisio
700 2931 761 3010 est,
795 2928 863 2995 alia
886 2950 960 2995 esse
984 2930 1117 3016 scripta,
1142 2930 1209 2995 alia
1231 2930 1418 3014 inscripta«

299 3033 371 3100 Hoc
394 3037 509 3100 autern
531 3033 630 3100 modo
655 3036 869 3120 quaestiones
893 3036 1144 3119 significationis
1169 3036 1315 3103 statibus
1330 3035 1422 3118 lega-

299 3139 387 3206 libus
411 3141 635 3225 Hermagorae
660 3141 904 3227 comparandae
928 3145 1042 3228 sunt.‘·’)

300 3426 451 3495 συμβαίνειν
478 3429 529 3477 τινὶ
557 3430 601 3477 καὶ
626 3426 663 3493 μὴ
689 3427 839 3495 συμβαίνειν
867 3425 927 3479 ἄνευ
953 3430 998 3492 τῆς
1024 3431 1087 3497 περὶ
1113 3425 1180 3479 αἰπὰ
1204 3425 1350 3497 μεταβολῆς
1376 3431 1422 3478 καὶ

299 3510 460 3568 ἀλλοιώσεως
488 3514 555 3580 μετὰ
585 3517 630 3566 τοῦ
661 3514 727 3585 πρὸς
754 3514 785 3567 τὸ
810 3512 882 3571 ἐκτὸς
907 3513 1078 3585 ἀποβλέπειν,
1103 3514 1169 3567 ὥστε
1193 3513 1258 3568 ὅταν
1281 3515 1330 3582 μὲν
1352 3514 1421 3566 κατὰ

299 3599 432 3673 διαφοράν
456 3622 483 3655 τι
506 3599 669 3672 διακείμενον
692 3603 759 3675 πρὸς
782 3603 871 3672 ἕτερον
894 3603 977 3677 νείση,
1003 3603 1070 3674 πρὸς
1094 3625 1121 3656 τι
1144 3603 1226 3672 μόνον
1243 3607 1319 3656 τοῦτο
1338 3603 1420 3666 ἔσται,

299 3691 333 3748 ὡς
352 3691 367 3758 ἡ
386 3690 438 3755 ἕξις
461 3695 507 3743 καὶ
530 3691 547 3757 ἡ
573 3691 703 3759 ἐπιστήμη
727 3697 772 3744 καὶ
791 3691 806 3758 ᾗ
826 3694 957 3760 αἰσθησις,
976 3692 1041 3745 ὅταν
1060 3690 1088 3746 δὲ
1106 3693 1143 3761 μὴ
1162 3692 1230 3745 κατὰ
1248 3692 1297 3758 την
1315 3691 1422 3746 ἐνοῦσαν

299 3778 438 3850 διαφοράν,
465 3781 533 3833 κατὰ
557 3778 638 3850 ψιλὴν
661 3778 689 3833 δὲ
712 3781 761 3846 τὴν
778 3782 845 3852 πρὸς
863 3781 952 3853 ἕτερον
971 3780 1058 3848 σχίσιν
1075 3784 1219 3852 decipimur,
1238 3781 1305 3852 πρὸς
1321 3801 1349 3833 τι
1365 3780 1422 3838 ruis

299 3870 357 3936 ἔχον
381 3869 463 3933 ἔσται,
489 3869 504 3921 ὃ
526 3869 577 3940 γὰρ
600 3866 652 3926 υίὸς
674 3874 720 3922 καὶ
739 3869 752 3922 ὃ
773 3867 855 3933 δεξιὸς
874 3869 975 3934 ἔξωθέν
993 3891 1072 3924 τινων
1088 3868 1266 3941 προσδέονται
1289 3869 1356 3941 πρὸς
1373 3869 1422 3935 τὴν

299 3958 450 4013 ὑπόστασιν.

389 4049 407 4116 ¹)
426 4049 467 4102 uf.
494 4049 575 4104 Corn.
599 4053 651 4103 art.
675 4049 747 4103 rhet.
774 4049 840 4119 epit.
866 4067 891 4120 p.
905 4050 948 4115 37,
962 4049 1034 4104 3Gr.
1055 4050 1136 4119 (Prol.
1156 4067 1182 4120 p.
1195 4049 1323 4119 XXXll);
1344 4049 1420 4103 Sext.

298 4138 377 4208 Flmp.
397 4138 462 4192 adv.
481 4139 571 4193 math.
590 4138 615 4192 ΙΙ
627 4139 662 4193 36
672 4155 746 4210 sqq.;
766 4140 811 4193 W.
824 4139 862 4194 IV
874 4139 934 4206 254,
946 4140 988 4194 25.

389 4228 408 4296 ἓ>
429 4226 469 4281 uf.
490 4226 591 4282 Thielii
608 4227 740 4298 Hermag.
760 4245 786 4298 p.
809 4228 867 4282 191.
