3198 5054
618 395 838 462 -83-

170 576 241 638 tam
264 574 439 659 perspicua
469 572 612 639 audacia
645 575 687 639 ab
720 595 769 654 eo,
806 573 849 640 ad
884 578 977 640 cuius
1009 573 1135 641 famam
1165 577 1292 643 autad

170 683 329 765 parentes
360 684 422 745 aut
452 677 495 745 ad
526 680 647 746 liberos
678 682 860 766 pertineret
891 685 952 747 aut
975 681 1018 748 ad
1042 682 1189 769 aliquam
1212 705 1292 766 rem,

170 808 271 872 quam
304 807 416 852 caram
445 807 518 852 esse
543 787 697 853 omnibus
728 790 790 852 aut
820 809 956 855 necesse
989 791 1041 854 est
1072 792 1132 855 aut
1152 783 1295 876 'oportet

171 914 256 972 esse,
282 892 481 960 vindic-ata«
530 892 647 980 Neque
679 893 780 977 igitur
811 894 986 980 explicatio
1019 895 1220 963 addubitata
1243 898 1294 963 in-

173 999 286 1082 tellegi
310 1001 433 1086 nequit.
479 1001 584 1086 Atqui
607 1001 672 1066 isto
696 1001 778 1083 loco,
812 1001 942 1089 dequo
971 1003 1090 1085 agitur,
1124 1003 1164 1068 de
1194 1025 1295 1087 argu-

174 1108 382 1173 mentatione
407 1106 567 1190 singulari
590 1114 628 1173 ut
652 1106 837 1190 dissereret,
861 1107 972 1174 Gicero
997 1109 1060 1174 sibi
1083 1131 1152 1175 non
1174 1107 1295 1197 propo-

175 1215 252 1299 suit,
278 1212 336 1279 sed
361 1215 401 1279 de
424 1214 474 1296 iis,
507 1235 594 1301 quae
623 1215 687 1280 toti
720 1235 842 1282 causae
874 1214 1068 1298 singillatim
1099 1217 1297 1284 tractandae

174 1320 381 1386 antecedant
412 1325 551 1407 oportet,
585 1325 625 1386 ut
651 1321 693 1403 id,
726 1322 761 1386 in
794 1342 858 1407 quo
890 1321 931 1387 lis
955 1323 1106 1404 vertitur,
1139 1325 1298 1391 constitui

176 1428 293 1514 possit,
317 1430 338 1494 i.
355 1450 380 1494 e.
397 1428 565 1513 iudicatio,
581 1428 680 1496 ,ultra
703 1451 804 1515 quam
828 1428 881 1494 hic
904 1425 1055 1515 progredi
1079 1451 1146 1495 non
1170 1429 1298 1514 licuit1)

175 1535 295 1621 Itaque
319 1535 523 1601 firmamenti
547 1536 710 1622 expositio
735 1539 769 1600 in
792 1537 1014 1621 suspicionem
1038 1539 1162 1602 vocata
1189 1543 1228 1602 ut
1256 1539 1298 1604 ab

176 1642 241 1707 hoc
263 1641 334 1708 loco
359 1643 471 1708 aliena
492 1641 659 1708 reicienda
682 1646 742 1708 θεῖ.
790 1641 852 1722 Qui
880 1645 995 1708 autem
1019 1642 1128 1708 Gioero
1153 1643 1188 1707 in
1210 1643 1301 1712 hunc

179 1770 321 1814 errorem
353 1749 465 1814 induci
497 1750 634 1835 potuit?
689 1750 853 1830 Quoniam
885 1771 953 1815 vox
983 1749 1190 1815 firmamenti
1221 1749 1300 1816 alibi
1364 1737 1365 1740 ¹
1398 1736 1401 1742 ¹

180 1877 312 1942 quoque
347 1877 415 1924 non
450 1856 493 1921 ad
527 1855 802 1939 infirmationem,
839 1855 899 1922 sed
933 1855 975 1946 ad
1011 1856 1301 1924 confirmationem

180 1964 288 2028 relata
311 1963 524 2051 inveniturff)
548 1984 616 2028 non
640 1963 806 2048 miramur,
840 1961 1062 2056 quodflicero
1088 1965 1302 2050 exaequali-

181 2073 253 2136 tate
276 2071 449 2136 nominum
474 2071 624 2136 diversas
647 2071 801 2136 notiones
826 2070 986 2155 confudit,
1011 2091 1085 2136 oum
1106 2077 1302 2156 reputamus

182 2177 285 2242 talem
324 2199 466 2243 errorem
508 2180 542 2242 in
582 2177 870 2244 commentariolos
910 2177 1059 2244 celeriter
1098 2181 1303 2265 conscriptos

180 2284 280 2350 facile
311 2286 452 2370 irrepere
481 2285 639 2371 potuisse.
686 2284 882 2368 Magistrum
917 2286 1005 2350 enim
1036 2283 1174 2367 dicendi,
1206 2307 1305 2371 quem

183 2393 294 2460 Cicero
313 2391 747 2474 adulescentulusoaudivit,
771 2391 935 2457 vocabulo
959 2391 1164 2457 firmamenti
1187 2413 1304 2478 parurn

183 2502 341 2566 accurate
364 2500 399 2574 in
419 2503 596 2584 utramque
614 2497 819 2564 sententiam
834 2519 933 2563 usum
951 2519 1034 2578 csse,
1060 2519 1136 2563 curn
1153 2499 1305 2586 exemplo
1400 2557 1401 2560 ,

187 2606 315 2693 prolato
359 2606 582 2672 firmissimam
620 2607 946 2687 argumentationem
985 2605 1101 2670 statim
1139 2603 1306 2671 illustrare
1388 2681 1391 2688 ¹

185 2713 250 2779 sibi
273 2712 450 2791 videretur,
476 2734 551 2779 mea
574 2712 707 2799 quidem
731 2715 783 2778 est
806 2713 985 2778 sententia.
1024 2711 1101 2776 dam
1133 2732 1174 2778 ea
1204 2713 1309 2778 verba

186 2821 339 2903 doctoris,
369 2821 489 2907 quibus
512 2820 617 2906 primo
641 2820 780 2885 rationis
803 2819 1064 2885 infirmationem
1088 2840 1170 2884 voce
1195 2820 1308 2885 firma-

187 2928 294 2992 menti
318 2927 541 3010 significatam
566 2925 770 3012 explanavit,
797 2925 984 2991 Ciceronem
1007 2945 1076 2990 non
1094 2928 1177 2990 satis
1194 2929 1308 2992 atten-

187 3039 261 3100 tum
285 3034 452 3116 fugerunt,
478 3038 517 3099 ut
540 3053 641 3118 supra
658 3032 809 3098 vidimus.
842 3031 908 3097 Sed
928 3052 1003 3096 cum
1024 3032 1144 3096 iterum
1161 3032 1311 3098 eiusdem

188 3143 280 3207 vocis
304 3143 347 3207 ad
370 3142 510 3207 rationis
535 3141 823 3206 confirmationem
846 3139 974 3204 relatae
990 3139 1114 3203 mentio
1130 3137 1234 3221 fieret,
1260 3161 1310 3222 ea,

187 3269 276 3335 quae
311 3249 402 3335 prius
434 3269 502 3314 non
533 3247 718 3329 audiverat,
751 3246 902 3332 supplere
936 3246 1078 3311 conatus
1107 3248 1161 3311 est
1186 3245 1312 3310 inscius

191 3377 259 3422 non
292 3354 432 3421 eandem
455 3356 524 3420 vim
552 3353 606 3420 hic
629 3355 703 3420 voci
727 3354 912 3419 subiectam
941 3373 1015 3418 esse
1039 3373 1078 3417 ac
1101 3352 1206 3437 primo
1230 3352 1312 3418 loco.

192 3463 253 3528 His
275 3463 456 3550 patefactis
472 3464 530 3529 vix
555 3466 607 3528 est
629 3461 799 3548 probabile
817 3459 1015 3542 Ciceronem,
1042 3459 1070 3523 si
1086 3459 1312 3542 Hermagorae

190 3573 299 3635 artem
331 3571 543 3656 inspexisset,
577 3569 667 3635 huno
695 3587 835 3634 errorem
859 3588 928 3631 non
952 3569 1176 3631 correcturum
1199 3565 1313 3631 fuisse.

284 3783 301 3853 ¹)
322 3784 393 3838 Vide
418 3785 489 3838 haec
509 3786 600 3847 verba,
628 3799 701 3852 quae
719 3781 891 3836 firmamenti
911 3778 1128 3850 explicationem
1147 3780 1315 3846 sequuntur:

195 3871 249 3926 ‚nt
273 3873 302 3927 in
322 3873 422 3927 ceteris
442 3872 553 3943 quidem
574 3870 826 3926 constitutionibus
844 3871 881 3923 ad
900 3869 975 3923 huno
994 3867 1109 3921 modum
1128 3865 1316 3918 iudicationes

196 3962 396 4030 reperiuntur«

284 4051 303 4120 ²)
324 4050 378 4105 Cic.
398 4052 432 4105 de
444 4051 499 4106 inv.
512 4049 638 4114 124‚34:
661 4048 858 4103 »Confirmatio
873 4050 924 4110 est,
937 4062 987 4116 per
1000 4061 1082 4114 quam
1096 4042 1318 4113 argumentando

195 4143 311 4194 nostrae
335 4157 438 4194 causae
460 4141 548 4194 fidem
572 4143 601 4192 et
627 4139 827 4192 auctoritatem
853 4139 883 4191 et
905 4133 1171 4189 firmamentum
1190 4130 1320 4210 adiungit

193 4233 312 4287 oratio.‹

1121 4311 1159 4364 g*
