3198 5054
591 411 633 484 --’
683 436 745 504 117
790 475 835 484 -

240 615 270 680 4.
288 615 456 702 ’'Adoforfl)
480 635 557 680 cum
580 618 616 681 et
638 635 781 700 persone
804 617 839 679 et
861 635 915 680 res
939 614 1073 680 humilis
1098 615 1184 694 ost.²t

241 721 277 787 Id
302 728 417 788 autem
433 742 548 804 genua
574 720 663 807 quod
687 723 1034 806 δυσπαρακολούθητον
1050 719 1197 802 (difficile
1220 721 1275 788 in·

154 828 299 911 tellectu,
335 827 528 914 obscurum)
567 827 763 914 appellatur,
797 829 929 914 praeter
963 828 1048 894 haec
1086 827 1129 894 ab
1165 826 1239 892 aliis
1249 828 1273 909 ⁸)

154 935 318 1021 prolatum
341 936 566 1018 Hermagorae
598 956 672 1000 esse
700 955 860 1018 negemus
892 937 1043 1020 oportere
1075 955 1114 1000 eo
1137 934 1273 1020 potissi-

154 1063 242 1108 mum
265 1044 370 1128 patet,
402 1040 490 1128 quod
514 1041 577 1107 sub
601 1042 772 1107 notionem
804 1041 1062 1108 existimationis
1085 1042 1140 1108 vel
1163 1041 1274 1107 bonae

155 1148 206 1215 vel
229 1148 338 1214 maiae
361 1148 408 1214 illi
423 1148 595 1235 partitioni
614 1148 800 1214 subiectam
824 1170 892 1214 non
916 1147 1015 1231 cadit,
1039 1150 1274 1234 praeterquam

155 1256 241 1342 quod
265 1255 308 1322 ab
332 1256 521 1339 Augustino
545 1275 680 1340 prorsus
712 1257 873 1322 omissum
905 1258 958 1321 est
988 1258 1023 1321 et
1047 1255 1275 1322 distributioni

154 1362 423 1448 quadripartitae,
449 1383 535 1449 quae
550 1362 774 1446 Hermagorae
794 1363 830 1427 in
846 1362 970 1429 deliciis
994 1366 1076 1445 erat,
1100 1364 1274 1448 repugnat.

154 1468 273 1534 Idcirco
296 1468 530 1536 tantummodo
561 1470 684 1535 artium
716 1469 892 1554 scriptores
915 1469 979 1534 hoc
1001 1489 1108 1552 genus
1139 1468 1273 1556 reliquis

154 1574 319 1641 addidisse
350 1575 517 1661 videntur,
556 1578 596 1641 ut
633 1577 802 1661 praecepti
839 1573 937 1660 illius,
978 1598 996 1641 e
1036 1596 1102 1662 quo
1142 1573 1274 1640 auditor

153 1681 345 1762 benevolae,
371 1686 534 1766 attentus
560 1680 674 1749 docilis
689 1682 878 1749 reddendus
899 1686 962 1764 est,
986 1683 1092 1749 totius
1107 1683 1274 1747 rationem

109 1776 113 1784 ’
152 1789 323 1856 haberent.
368 1788 456 1854 Nam
493 1793 534 1856 ut
569 1791 604 1855 in
643 1790 812 1876 (endoxo‚)
851 1789 1062 1876 amphidoxo,
1101 1788 1272 1875 paradoxo

152 1896 388 1963 benevolentia
411 1897 579 1984 captanda
602 1901 665 1984 est,
697 1899 732 1964 in
756 1899 864 1965 adoxo
896 1898 1050 1982 attentio,
1084 1897 1131 1962 sic
1154 1897 1190 1961 in
1213 1896 1273 1962 ob-

154 2024 247 2069 scuro
272 2005 458 2071 auditorem
481 2004 620 2072 docilem
644 2025 718 2070 esse
743 2006 934 2092 volumus.⁴)

239 2111 310 2178 Iam
356 2133 432 2178 cum
483 2113 526 2178 ad
565 2115 717 2180 statuum
764 2112 1007 2198 discriptionem
1047 2112 1273 2194 Hermagorae

153 2218 394 2284 restituendam
419 2218 551 2286 venturi
582 2240 708 2302 eumue,
740 2220 847 2286 iacere
878 2240 947 2284 non
970 2219 1161 2304 poterimus,
1193 2217 1274 2305 quin

152 2324 311 2409 imprimis
349 2325 591 2408 Hermogenem
629 2326 865 2409 adhibeamus,
912 2328 1033 2413 quippe
1072 2325 1129 2413 qui
1167 2324 1273 2390 multo

153 2430 358 2497 subtiliorem
380 2433 546 2499 rationem
568 2433 731 2519 partiendi
756 2434 871 2500 tradat
895 2454 996 2520 quam
1020 2432 1142 2514 Cicero,
1159 2432 1274 2514 Quin-

153 2537 299 2623 tilianus,
323 2540 543 2623 Augustinus
568 2541 596 2605 si
620 2540 752 2626 quidem
777 2540 855 2606 talis
881 2541 1047 2626 discriptio
1068 2540 1197 2605 Temnii
1221 2541 1273 2604 est

153 2647 290 2731 propria.
337 2646 455 2732 Itaque
478 2648 542 2713 hoc
564 2647 636 2733 ipso
660 2647 733 2714 loco
764 2648 807 2713 ad
831 2646 1072 2714 absolvendam
1101 2649 1273 2734 quaestio-

153 2773 228 2817 nem
252 2774 354 2838 supra
376 2755 581 2839 propositam
605 2754 807 2821 adducimur.

242 2967 261 3035 ¹)
280 2966 352 3035 Aug.
371 2984 398 3036 p.
413 2966 533 3033 148,17;
554 2966 613 3032 150,
624 2967 668 3022 25.

243 3054 261 3123 ²)
280 3055 387 3110 Eadem
408 3058 543 3126 quattuor
561 3072 666 3126 genera
684 3072 830 3112 causarum
845 3057 959 3112 exhibet
971 3060 1047 3112 auct.
1061 3058 1098 3112 ad
1111 3059 1174 3112 Her.
1188 3059 1198 3110 Ι
1211 3059 1235 3123 3,
1247 3058 1272 3112 5.

245 3144 264 3213 ⁸)
285 3145 340 3200 Cic.
366 3144 401 3199 de
423 3145 510 3200 inv.I
534 3145 630 3212 15,20;
663 3146 758 3212 Quint.
775 3147 907 3213 lvl‚40;
932 3147 1008 3202 Hort.
1034 3164 1060 3217 p.
1076 3146 1175 3213 109‚4;
1196 3149 1272 3218 Sulp.

152 3231 223 3287 Vict.
243 3249 269 3302 p.
283 3233 344 3298 316,
354 3233 390 3287 23
402 3250 443 3304 sq.

241 3322 260 3390 ⁴)
281 3322 336 3377 Cic.
357 3322 374 3376 l.
394 3322 440 3377 all.
461 3321 541 3394 §213
562 3324 656 3390 Quint.
675 3325 691 3378 l.
712 3323 757 3379 all.
778 3321 858 3396 §41;
878 3324 956 3380 Fort.
975 3343 1001 3396 p.
1017 3324 1110 3390 109‚7.
