3224 5044
761 391 985 456 -50-

313 569 538 650 Quintilianus
562 569 664 636 aliam
679 568 817 635 'lemnio
842 566 1073 654 attribuunt,¹)
1096 566 1151 632 vel
1172 589 1270 632 exeo
1287 571 1436 654 apparet,

313 663 401 764 qnod
438 677 629 742 Aristotelis
669 676 865 742 divisionem
903 674 1097 761 bipartitam
1135 673 1234 740 modo
1272 673 1439 759 prolatam

312 784 537 867 Hermagorae
554 783 636 849 artis
652 781 755 850 indoli
770 781 870 868 plane
887 801 1067 864 congruere
1082 781 1151 846 iam
1168 802 1269 867 supra
1286 801 1438 867 compro·
1487 837 1492 844 .

312 890 503 972 bavimusl)
538 889 654 977 Neque
679 895 794 956 autem
816 893 906 955 reete
929 890 1017 954 siout
1037 889 1124 954 hanc
1140 909 1210 954 rem
1226 888 1298 953 eius
1315 887 1439 974 speciei

312 1007 367 1082 τῆς
402 1000 612 1081 δικαιολογίας
645 995 909 1083 explicationem,
946 996 999 1062 cui
1033 1016 1155 1060 nomen
1191 998 1244 1061 est
1274 995 1438 1070 ἀντίθεσις,

312 1104 495 1170 tradiderit
544 1103 632 1169 Nam
662 1103 901 1187 Hermagoram
932 1102 1020 1168 hanc
1050 1103 1318 1189 repugnantiam,
1350 1122 1438 1188 quae

313 1212 401 1276 inter
424 1211 703 1294 significationem
723 1211 814 1276 vocis
839 1213 1048 1293 δικαιολογίας
1072 1211 1107 1275 et
1130 1207 1361 1275 definitionem
1383 1216 1439 1292 τῆς

314 1320 511 1393 ἀντιθέσεως,
545 1339 646 1404 quam
677 1318 903 1400 Hermogenes
935 1317 1072 1383 exhibet
1101 1316 1170 1401 (Sp.
1198 1316 1227 1382 H
1261 1315 1333 1399 139,
1365 1316 1438 1396 22):

314 1427 369 1491 ἐὰν
393 1427 427 1491 δὲ
451 1428 593 1510 ὁμολογῇ
615 1452 642 1490 τι
664 1427 869 1509 πεποιηκέναι
892 1427 939 1496 ὡς
954 1425 1104 1508 ἀδίκημα,
1122 1427 1248 1507 ὄνομα.
1266 1474 1273 1487 .
1291 1475 1297 1487 .
1314 1423 1438 1506 γενικὸν

312 1535 415 1617 τούτῳ
453 1510 615 1608 ἀντίδοσις,
654 1532 839 1615 intercedit,
875 1531 1051 1597 admisisse
1085 1531 1144 1596 vix
1183 1533 1236 1596 est
1274 1529 1437 1612 credibile,

313 1641 509 1726 praesertim
536 1661 612 1706 cnm
635 1640 703 1706 iam
725 1636 926 1705 Aristoteles
949 1637 1033 1704 haec
1055 1637 1221 1703 monuerit
1244 1636 1338 1718 (rhet.
1362 1638 1392 1701 A
1416 1637 1436 1701 3

313 1769 344 1832 p.
360 1747 446 1814 1358
454 1747 485 1831 b,
500 1747 570 1833 31):
587 1750 606 1812 δ
623 1749 832 1830 δικαζόμενος
847 1749 901 1826 (se.
915 1748 1010 1810 ἐνίοτε
1022 1748 1082 1809 οὐκ
1094 1749 1133 1810 ἂν
1144 1743 1437 1828 ἀμφισβητήσαιεν),

314 1858 361 1928 ὡς
377 1857 415 1920 οὗ
440 1859 565 1938 γέγονεν
581 1859 601 1938 ἢ
618 1857 678 1919 οὐκ
697 1856 849 1938 ἔβλαψεν·
866 1855 912 1918 ὅτι
929 1855 957 1917 δ’
978 1855 1086 1927 ἀδικεῖ,
1103 1854 1244 1917 οὐδέποτ’
1263 1855 1302 1917 ἂν
1319 1854 1436 1936 ὁμολο-

315 1965 457 2046 γήσειεν·
482 1963 660 2044 οὐδὲνγὰρ
685 1965 723 2025 ἂν
747 1962 809 2024 ἔδει
821 1962 919 2044 δίκης.
966 1959 1070 2024 Immo
1094 1979 1172 2024 vero
1196 1958 1438 2042 Hermagoram

315 2069 414 2134 simili
445 2068 542 2134 modo
576 2088 616 2132 ac
640 2066 865 2146 Quintilianus
875 2068 898 2148 ³)
928 2068 985 2150 τὴν
1016 2069 1170 2131 ἀντίδοσιν
1201 2065 1437 2151 explanavisse

314 2174 534 2241 statuendum
558 2178 618 2239 est.
651 2175 700 2266 De
723 2172 875 2258 partibus
897 2182 952 2258 τῆς
976 2175 1165 2245 ἀντιθέσεως
1187 2172 1337 2238 hocloco
1354 2171 1438 2237 nihil

314 2281 489 2362 habemus
513 2281 600 2366 quod
626 2301 841 2367 exponamus

404 2404 775 2470 transvocatorum
801 2407 1019 2488 μεταλήψεως,
1048 2426 1116 2490 qna
1143 2365 1323 2490 quaeritur,
1355 2425 1438 2469 num

312 2513 402 2577 actio
433 2511 644 2577 instituenda
680 2511 740 2596 sit,
781 2533 798 2576 e
829 2511 1125 2597 Peripateticorum
1160 2511 1267 2594 logica
1299 2509 1437 2576 ductum

316 2639 390 2684 esse
420 2639 462 2684 ex
489 2619 542 2684 his
571 2618 690 2684 elucet.
736 2617 869 2682 Etenim
898 2618 987 2704 quod
1009 2617 1206 2684 Aristoteles
1234 2618 1304 2703 ipse
1335 2616 1436 2703 (anal.

315 2725 392 2812 pr.l
415 2726 458 2791 23
482 2748 511 2812 p.
533 2726 575 2790 41
588 2748 617 2809 a,
634 2725 689 2814 39)
717 2724 769 2790 his
792 2725 920 2790 verbis:
952 2728 999 2790 dv-
1014 2728 1111 2790 ἅπασι
1141 2727 1197 2810 (se.
1212 2733 1277 2796 τοῖς
1299 2727 1333 2799 ἐξ
1355 2727 1435 2790 ὕπο-

314 2834 452 2918 closer)
478 2835 496 2896 ὁ
519 2834 579 2916 μὲν
602 2833 808 2916 συλλογισμὸς
825 2835 937 2915 γίνεται
951 2832 1033 2915 πρὸς
1052 2833 1087 2896 τὸ
1106 2834 1436 2916 μεταλαμβανόμενον,

314 2941 350 3003 τὸ
368 2941 435 3013 δ’ἐξ
451 2942 552 3023 ἀρχῆς
567 2942 742 3024 περαίνεται
766 2941 976 3023 δι’ὁμολογίας
999 2943 1020 3022 ἥ
1042 2965 1124 3010 τινος
1140 2941 1234 3023 ἄλλης
1249 2941 1438 3010 ὑποθέσεως

261 3076 262 3081 ¹
315 3045 485 3130 attigerat,
502 3044 536 3110 id
553 3047 624 3112 eius
641 3045 794 3133 discipuli
809 3047 1070 3132 Theophrastus
1095 3044 1263 3112 Eudemus
1279 3045 1438 3132 peculiari

314 3153 518 3220 tractatione
550 3155 687 3237 dignum
717 3153 908 3219 habuerunt
936 3174 1019 3218 voce
1050 3142 1259 3237 μεταλήψεως
1288 3153 1351 3235 usi,
1384 3152 1438 3218 cui

314 3259 399 3326 haec
423 3261 593 3326 sententia
616 3260 769 3326 subiecta
792 3263 858 3325 est:
908 3261 1023 3340 tQuod
1048 3282 1122 3326 oum
1146 3259 1335 3325 conditione
1359 3280 1436 3345 pro-

315 3367 423 3433 latum
447 3370 507 3450 est,
530 3367 564 3433 id
586 3368 654 3433 iam
679 3365 866 3434 conditione
891 3367 1015 3432 omissa
1029 3368 1283 3453 pronuntiatur«
1310 3365 1437 3452 (Waitz

315 3473 360 3539 ad
382 3475 492 3540 locum
515 3474 670 3560 allatum)
694 3473 757 3556 vel,
782 3476 821 3539 ut
836 3472 1017 3539 Alexandri
1032 3472 1301 3559 Aphrodisiensis
1324 3473 1436 3538 verbis

315 3687 388 3740 ἔσται
413 3685 610 3759 πραγματικὴ.
631 3727 636 3739 .
657 3725 663 3740 .
683 3686 761 3742 1141
782 3685 815 3738 ἂν
832 3689 923 3755 μέντοι
947 3688 1133 3757 πεπραγμένον
1151 3678 1169 3758 ᾖ
1188 3690 1249 3757 περὶ
1273 3678 1302 3738 οὗ
1320 3686 1337 3752 ἢ
1355 3688 1438 3758 κρίσις

314 3773 371 3843 ἤδη,
392 3779 481 3829 κοινὸν
498 3776 547 3844 μὲν
565 3775 651 3844 ὄνομα
670 3773 752 3840 τοίντῳ
772 3772 942 3846 δικαιολογία.

407 3868 424 3936 ¹)
445 3867 501 3921 Cic.
521 3867 556 3920 de
575 3867 630 3919 inv.
650 3865 699 3930 19,
713 3865 754 3919 12.
793 3865 885 3932 Quint.
899 3866 935 3920 lII
948 3865 973 3932 6,
984 3865 1020 3920 56
1028 3882 1071 3936 sq.

405 3956 425 4025 δ
445 3972 471 4025 n·
491 3955 552 4009 aa
1278 4003 1281 4009 -

407 4045 425 4113 Β)
445 4043 497 4097 VII
509 4043 576 4107 4‚7:
601 4043 730 4098 Alterum
754 4047 799 4097 est
824 4043 993 4098 defensionis
1011 4060 1107 4114 genus,
1126 4043 1155 4096 in
1175 4061 1230 4114 quo
1249 4043 1358 4099 factum
1376 4060 1438 4114 per

316 4149 353 4188 se
371 4132 610 4203 improbabile
634 4133 788 4203 assumptis
812 4133 986 4187 extrinsecus
1006 4134 1117 4188 auxiliis
1134 4137 1258 4199 tuomum
1283 4133 1313 4188 id
1331 4134 1438 4188 vocant

314 4220 368 4274 κατ’
393 4220 537 4274 ἀντίθεσιν.
