3198 5054
762 412 1007 478 -108-

323 613 341 656 e
372 593 547 674 καταφάσει
578 592 613 656 et
645 592 805 673 ἀποφάσει
836 591 919 673 orta,
951 591 1068 672 altera,
1101 611 1188 675 quae
1219 610 1261 655 ex
1292 593 1380 673 αιίιῖρ
1411 593 1447 656 et

321 702 481 782 συνέχσνιι
505 700 649 764 emanat
687 697 782 762 illam
799 698 897 782 euim,
922 718 998 764 cum
1022 718 1061 764 eo
1078 697 1231 779 exsistat,
1256 697 1345 783 quod
1368 717 1446 764 reus

323 805 445 871 crimen
477 804 541 870 sibi
564 802 705 870 allatum
732 804 900 870 infitiatur
923 804 987 888 vel,
1020 808 1059 870 ut
1083 803 1339 872 deliberativum
1362 825 1446 889 quo-

321 933 386 999 que
402 933 507 996 genus
523 910 749 998 respiciamus
774 912 869 994 alter,
893 909 982 997 quod
998 910 1083 978 alter
1099 911 1229 996 suadet,
1254 911 1443 978 faciendum

323 1040 399 1086 esse
422 1040 490 1085 non
507 1021 631 1102 censet,
655 1020 690 1084 in
706 1019 844 1105 propriis
859 1018 1011 1104 personis
1032 1017 1322 1104 singularibusque
1345 1019 1446 1084 rebus

322 1125 410 1192 verti
439 1125 660 1192 manifestum
693 1128 753 1192 est.
804 1126 854 1191 Ea
883 1125 986 1208 igitur
1016 1127 1170 1198 ὑπόθεσις
1200 1124 1353 1192 ducenda
1385 1129 1445 1192 est.

322 1231 562 1299 Iudicationem
598 1235 713 1300 autem
746 1235 836 1300 θέσιν
881 1232 1069 1298 habeamus
1108 1234 1249 1318 oportet,
1287 1232 1320 1297 id
1356 1231 1445 1318 quod

322 1339 441 1404 melius
465 1339 617 1425 exemplo
634 1360 736 1426 quam
753 1340 960 1425 expositione
975 1338 1114 1425 planum
1129 1337 1313 1406 reddemus
1352 1339 1445 1406 Haeo

321 1467 426 1512 causa
448 1447 493 1512 sit
515 1447 695 1532 proposita.

411 1571 473 1636 cie.
500 1571 541 1637 de
572 1573 639 1638 inv.
655 1572 684 1636 ΙΙ
710 1573 760 1654 17,
774 1571 833 1638 52;
876 1571 927 1637 »a
944 1570 1128 1636 Flaminius
1158 1571 1206 1654 is,
1239 1571 1295 1658 qui
1327 1571 1444 1637 consul

320 1699 390 1744 rem
414 1677 502 1745 male
518 1679 623 1761 gessit
638 1677 725 1744 bello
741 1678 867 1744 Punico
892 1678 1048 1760 secundo,
1073 1699 1147 1744 cum
1165 1676 1443 1763 tribunusplebis

320 1788 421 1867 esset,
445 1785 552 1852 invito
570 1788 691 1851 senatu
716 1788 752 1850 et
767 1785 901 1851 omnino
926 1787 1043 1851 contra
1057 1784 1269 1850 voluntatem
1294 1785 1443 1850 omniurn

320 1893 531 1977 optimatium
555 1913 614 1979 per
645 1891 843 1958 seditionem
873 1892 917 1958 ad
947 1891 1107 1978 populum
1138 1891 1245 1975 legem
1277 1894 1442 1974 agrariam

319 2000 456 2065 ferebat.
502 2000 600 2065 Hune
623 2002 720 2086 pater
749 2021 832 2064 suus
856 1998 1032 2065 concilium
1056 1998 1162 2085 plebis
1185 1998 1368 2064 habentem
1400 1997 1441 2064 de

316 2107 443 2192 'templo
468 2106 621 2189 deduxit3
646 2107 824 2172 arcessitur
846 2106 1044 2172 maiestatis.

408 2231 554 2296 Intentio
588 2233 657 2296 est:
703 2229 916 2297 Maiestatem
950 2230 1110 2314 minuisti,
1147 2229 1234 2316 quod
1269 2230 1441 2296 tribunum

320 2337 425 2422 plebis
450 2334 490 2404 de
514 2336 638 2423 templo
663 2336 840 2403 deduxisti.

408 2444 566 2531 Depulsio
591 2448 658 2509 est:
690 2443 765 2510 Non
789 2444 894 2509 minui
917 2444 1138 2510 maiestatem.

408 2551 568 2631 Quaestio
592 2553 662 2616 est:
693 2549 951 2617 Maiestatemne
974 2551 1157 2617 minuerit?

406 2676 522 2742 Ratio:
569 2675 606 2740 In
637 2674 746 2740 filium
777 2677 874 2758 enim,
907 2697 1008 2761 quam
1031 2675 1200 2741 habebam
1223 2679 1438 2761 potestatem,

318 2805 359 2848 ea
383 2804 458 2848 sum
482 2804 573 2847 usus.

406 2906 559 2972 Rationis
589 2905 787 2973 infirmatio:
826 2907 872 2973 At
903 2907 1000 2990 enim,
1033 2907 1090 2992 qui
1120 2909 1230 2993 patria
1256 2911 1438 2995 potestate,

316 3014 379 3080 hoo
403 3015 456 3078 est
478 3013 612 3100 privata
635 3013 790 3101 quadam,
820 3014 1032 3079 tribuniciam
1055 3016 1269 3100 potestatem,
1300 3015 1363 3082 hoo
1387 3018 1439 3082 est

316 3119 436 3208 populi
453 3124 659 3207 potestatem
682 3121 843 3204 infirmat,
867 3121 988 3187 minuit
1011 3123 1232 3188 maiestatem.

405 3246 566 3312 Iudicatio
591 3249 658 3312 est:
694 3245 869 3312 Minuatue
892 3246 920 3311 is
944 3248 1167 3330 maiestatem,
1193 3247 1308 3334 quiin
1332 3247 1437 3313 tribu-

316 3353 438 3419 niciam
462 3356 666 3439 potestatem
689 3353 800 3439 patria
822 3355 992 3439 potestate
1017 3355 1159 3418 utatur?

405 3478 467 3546 Hic
490 3478 652 3559 videmus,
678 3499 752 3544 cum
776 3479 946 3564 quaestio:
981 3477 1257 3545 »Maiestatemne
1281 3479 1437 3546 minuerit

189 3643 190 3648 ,
318 3584 374 3672 (so.
390 3587 487 3671 pater
511 3584 543 3651 Ο.
559 3583 724 3670 Flaminii)
734 3585 769 3648 P«
798 3588 889 3652 certa
910 3606 1054 3672 persona
1077 3586 1284 3670 astrictasit,
1308 3585 1435 3652 iudica·

314 3693 441 3758 tionem
485 3691 527 3758 ad
570 3691 719 3757 universi
760 3692 889 3774 generis
928 3692 997 3759 vim
1040 3695 1075 3758 et
1117 3697 1274 3759 naturam
1312 3691 1434 3775 referri,

314 3799 474 3885 quoniam
497 3819 556 3884 pro
576 3798 714 3864 notione
734 3800 885 3885 propriae
901 3819 1063 3884 personae
1079 3799 1244 3884 generalis
1260 3800 1435 3885 descriptio

252 3926 255 3930 ·
314 3907 387 3972 eius
404 3905 546 3993 (,quippe
565 3927 651 3991 quae
669 3906 824 3973 omnibus
841 3906 951 3971 causis
975 3905 1215 3972 eiusdemmodi
1235 3907 1436 3990 conveniat)

314 4011 538 4078 substituitur.
591 4014 640 4078 Ao
671 4015 758 4078 certe
790 4015 944 4078 ὑπόθεσιν
975 4015 1009 4078 et
1039 4015 1128 4079 attero
1158 4013 1191 4078 id
1222 4012 1369 4079 valuisse
1400 4013 1434 4078 in

312 4120 536 4202 Hermagorae
568 4118 719 4186 doctrina
753 4120 945 4186 testimonio
978 4123 1058 4186 sunt
1087 4119 1123 4184 hi
1153 4119 1225 4186 loci.
1279 4119 1434 4204 Theonis,

313 4225 430 4310 optimi
453 4225 607 4308 auctoris,
630 4247 719 4312 prog.
736 4226 790 4313 Sp.
807 4227 835 4292 ΙΙ
862 4227 1007 4311 120,18:
1050 4229 1251 4312 Ἑρμαγόρας
1275 4281 1281 4294 .
1306 4278 1312 4290 .
1337 4229 1435 4312 αὐτὴν
