3198 5054
601 435 846 501 -103-

164 615 388 697 Hermagorae
423 616 556 679 tantam
588 613 824 697 arrogantiam,
862 616 1024 698 quantam
1055 613 1089 678 in
1120 612 1212 678 libris
1244 613 1284 679 de

163 721 373 802 inventione,
407 720 576 787 obiecisse.
630 720 782 805 Denique
814 720 925 786 Cicero
959 720 1030 786 suis
1060 720 1131 806 ipse
1161 720 1283 805 verbio,

165 827 285 914 quihus
320 848 426 910 genus
462 827 699 912 quaestionum
729 827 896 892 infinitum
928 848 978 910 eo,
1015 826 1103 912 quod
1134 825 1285 891 nonnulli

163 934 362 1000 rhetoricam
392 935 428 999 in
460 934 611 1000 ciuilibus
642 937 777 999 tantum
812 933 912 999 rebus
943 935 1070 1000 versari
1099 933 1214 1016 velint,
1250 933 1285 998 in

163 1046 346 1123 angustum
363 1039 513 1107 concludi
536 1041 635 1126 plane
652 1040 740 1122 dicit,
765 1040 854 1106 illius
879 1042 997 1106 erroris
1014 1041 1148 1123 coargui
1163 1042 1284 1127 potest.

164 1148 295 1214 Etenim
331 1148 440 1214 locum
474 1145 572 1213 modo
607 1146 813 1213 illustratum
844 1149 960 1233 paucis
990 1148 1173 1214 interiectis
1202 1149 1285 1212 haec

164 1256 268 1321 verba
299 1255 468 1341 excipiunt
499 1254 539 1320 de
572 1276 615 1321 or.
639 1256 667 1320 ll
698 1254 732 1343 (ξ
755 1255 827 1343 67);
877 1255 962 1321 »Sed
987 1257 1014 1320 si
1037 1255 1130 1320 illam
1154 1275 1285 1340 quoque

163 1365 293 1448 partem
316 1363 553 1448 quaestionum
578 1363 700 1428 oratori
723 1362 879 1428 volumus
903 1363 1081 1445 adiungere
1105 1381 1228 1445 vagam
1253 1363 1288 1426 et

164 1470 301 1535 liberam
327 1473 362 1535 et
391 1470 461 1535 late
484 1473 669 1556 patentem,
702 1473 741 1535 ut
772 1469 813 1535 do
840 1469 941 1535 rebus
974 1469 1069 1534 bonis
1094 1472 1155 1534 aut
1177 1467 1284 1549 maliS,

165 1577 360 1664 expetendis
385 1579 447 1642 aut
476 1576 652 1660 fugiendis,
684 1576 836 1642 honestis
860 1579 921 1641 aut
951 1576 1114 1662 turpihuS,
1147 1574 1286 1640 utilibus

166 1687 224 1749 aut
247 1683 423 1749 inutilibus
454 1738 459 1749 .
485 1736 490 1749 .
515 1735 553 1749 ..
585 1682 762 1750 dicendum
795 1685 917 1750 oratori
948 1686 1105 1769 putemus
1137 1682 1285 1766 itemque

166 1789 206 1856 de
228 1791 407 1877 republica,
433 1789 473 1856 de
495 1791 642 1878 imperio,
668 1791 709 1856 de
732 1791 934 1873 remilitari,
959 1789 999 1854 de
1017 1788 1189 1875 disciplina
1205 1787 1286 1852 civi-

164 1899 256 1979 tatis,
297 1897 337 1962 de
372 1897 544 1963 hominum
580 1898 744 1964 moribus:
784 1898 1002 1964 adsumamus
1042 1918 1117 1962 eam
1152 1915 1285 1982 quoque

165 2008 303 2091 partem,
336 2005 477 2084 sedita,
510 2010 549 2070 ut
578 2006 622 2070 sit
646 2004 986 2089 circumscripta
1008 2003 1193 2068 modicis
1217 2022 1286 2065 re-

166 2111 381 2193 gionibus.
435 2110 597 2196 Equidem
634 2113 792 2193 omnia,
830 2132 938 2197 quae
972 2111 1201 2196 pertinent
1236 2107 1287 2173 ad

165 2240 286 2284 usum
311 2218 471 2284 civium
494 2240 620 2284 morem
644 2218 825 2295 hominum,
852 2239 938 2304 quae
954 2220 1134 2283 versantur
1156 2218 1191 2281 in
1207 2236 1287 2280 con-

167 2323 342 2390 suetudine
367 2326 459 2390 vitae
486 2326 521 2390 in
551 2326 682 2391 ratione
706 2325 937 2412 reipublicae,
962 2325 1004 2389 in
1036 2324 1099 2390 hac
1125 2324 1286 2388 societate

167 2432 253 2498 civili
287 2433 328 2497 in
364 2453 495 2497 sensu
534 2433 723 2498 hominis
759 2432 988 2512 communi,
1026 2432 1060 2496 in
1095 2433 1218 2496 natura
1252 2430 1286 2494 in

166 2539 321 2622 moribus
356 2538 665 2625 comprehendenda
689 2560 762 2605 esse
787 2539 910 2606 oratori
932 2542 1031 2624 put0;
1064 2538 1099 2603 si
1127 2538 1285 2619 minuS,

166 2645 1156 2733 utseparatimdehisrebusphiloscphorum
1174 2664 1285 2709 more

165 2753 452 2838 respondeat,
486 2757 530 2818 at
561 2757 698 2835 certe,
730 2757 777 2818 ut
808 2754 851 2819 in
883 2775 1017 2820 eausa
1047 2751 1287 2838 prudenter

166 2859 309 2944 possit
332 2860 561 2925 intexere«
577 2862 602 2944 ¹)

255 2965 301 3048 ld,
335 2965 423 3050 quod
453 2966 505 3031 his
531 2967 685 3032 omnibus
709 2967 915 3049 argumentis
944 2965 1079 3033 adducti
1110 2988 1168 3054 pro
1198 2969 1286 3032 certo

166 3073 331 3158 ponimus,
368 3072 425 3138 illa
459 3074 651 3139 narratione
680 3073 902 3160 Plutarchi,²)
938 3095 955 3138 e
990 3095 1056 3159 qua
1087 3073 1286 3139 Posidonius

166 3201 275 3245 coram
299 3179 455 3267 Pompeio
488 3179 527 3245 de
560 3182 756 3266 quaestione
788 3181 924 3246 infinita
957 3181 1119 3248 adversus
1143 3180 1286 3244 Herma·

165 3307 279 3370 goram
290 3288 313 3373 3)
338 3285 529 3372 disputasse
554 3287 681 3370 dicitur,
710 3287 907 3354 labefactari
929 3288 1054 3374 nequit.
1064 3289 1086 3369 4)
1133 3287 1286 3371 Namque

255 3430 276 3496 ¹)
296 3428 338 3484 cf.
358 3429 393 3483 de
412 3446 450 3484 or.
466 3431 478 3484 Ι
492 3429 533 3494 12,
541 3429 589 3484 52:
612 3430 649 3483 »si
670 3430 730 3501 quis
750 3430 809 3495 erit,
831 3431 878 3503 qui
897 3431 952 3485 hoc
971 3431 1056 3495 dicat,
1076 3447 1139 3485 esse
1152 3430 1288 3501 quasdam

165 3521 310 3571 oratomm
328 3518 454 3589 proprias
473 3519 630 3573 sententias
650 3521 736 3590 atque
756 3537 858 3575 causas
877 3523 906 3575 et
926 3522 1065 3575 certarum
1084 3536 1175 3574 rerum
1194 3519 1287 3572 foren-

165 3607 241 3660 sibus
261 3607 391 3662 canccllis
411 3607 648 3678 circumscriptam
668 3609 843 3673 scientiam«
864 3627 937 3682 quae
957 3609 1106 3679 descriptio
1126 3609 1154 3662 in
1172 3608 1287 3662 Herma·
1367 3621 1371 3631 ·

165 3710 251 3764 gorae
271 3695 428 3751 doctrinam
446 3702 513 3768 apte
533 3697 662 3767 quadrat.

255 3785 274 3853 ²)
293 3785 354 3839 vitu
372 3786 471 3856 Pomp.
492 3803 515 3840 c.
535 3786 579 3840 42.

256 3874 274 3943 θ)
293 3873 365 3930 Huic
384 3891 441 3929 non
459 3875 521 3946 ipsi,
549 3876 599 3930 sed
625 3875 684 3930 eius
704 3875 863 3930 sententiae
881 3876 1065 3930 Posidonium
1084 3873 1287 3944 repugnavisse

166 3966 195 4016 et
207 3966 367 4033 tempomm
380 3965 491 4018 ratione
504 3967 635 4035 respecta
648 3967 730 4035 patet
743 3965 815 4033 (vide
824 3964 950 4019 Pideritii
964 3981 1064 4019 comm.
1078 3963 1123 4018 all.
1137 3979 1163 4033 p.
1176 3962 1286 4032 lOsqq.)

165 4056 195 4106 et
214 4053 423 4123 praepositione
435 4053 502 4124 πρὸς
514 4054 690 4124 significatur
703 4054 777 4122 (vide
789 4053 905 4108 alterius
914 4053 1072 4124 argumenti
1086 4051 1287 4106 Demosthenis

165 4141 317 4211 Leptineae
336 4143 456 4211 praefixi
474 4142 586 4197 initium
605 4142 721 4214 eiusque
741 4142 878 4197 orationis
897 4143 964 4198 edit.
982 4142 1069 4196 Wolf.
1089 4159 1115 4211 p.
1130 4140 1215 4200 CLlll.

253 4229 273 4300 ⁴)
293 4230 335 4286 Gi.
365 4248 465 4286 comm.
494 4232 540 4286 all.
569 4232 696 4286 Pideritii
725 4249 752 4303 p.
771 4231 806 4285 23
831 4232 933 4287 adn2
964 4234 994 4287 et
1017 4230 1134 4286 Strilleri
1152 4247 1179 4300 p.
1198 4229 1234 4283 26
1259 4223 1288 4283 e't

165 4319 265 4373 Thielii
284 4319 414 4390 Herma-g.
435 4337 461 4392 p.
477 4321 536 4385 178,
558 4321 616 4375 190.
