3198 5054
731 393 951 458 „486-

281 589 378 653 goras
413 590 560 655 quoque,
601 567 739 636 dicendo
775 572 950 637 materiam
986 592 1060 637 esse
1094 572 1129 636 in
1164 593 1268 638 eausa
1302 576 1336 638 et
1370 573 1407 638 in

283 676 546 762 quaestionibuS,
579 697 695 742 omnes
726 699 780 742 res
804 676 973 744 subiectas
998 681 1070 744 erat
1094 679 1294 764 complexus.
1340 677 1407 744 Sed

284 783 500 868 quaestiones
532 783 559 848 si
590 786 694 866 negat
726 782 770 849 ad
791 784 977 851 rhetoricen
1000 784 1174 871 pertinere,
1207 783 1364 851 dissentit
1387 807 1410 851 a

284 890 398 971 nobis,
430 890 459 954 si
489 893 604 954 autem
634 890 678 956 ad
701 889 888 956 rhetoricen
912 892 1090 976 pertinent,
1123 892 1166 957 ab
1190 893 1253 958 boe
1277 913 1408 978 quoque

286 995 511 1062 adiuvamur«
554 996 638 1061 Tum
660 999 781 1062 notatu
798 997 933 1080 dignum
953 1001 1006 1064 est
1021 998 1272 1082 Quintilianum,
1290 1021 1410 1085 quam-

288 1123 389 1188 quam
413 1101 637 1189 compluribus
660 1102 741 1170 locis
759 1103 872 1170 civiles
890 1107 1105 1190 quaestiones
1122 1105 1272 1188 attigit,1)
1295 1109 1412 1172 tamen

288 1210 377 1275 hanc
399 1208 571 1274 notionem
586 1208 845 1276 fundamentum
860 1213 966 1278 totius
984 1211 1152 1279 doctrinae
1168 1213 1412 1296 Hermagoreae

291 1337 364 1382 esse
395 1315 476 1381 item
509 1336 548 1381 ac
579 1315 769 1383 Ciceronem
806 1338 971 1404 nusquam
1006 1318 1168 1385 retulisse.
1219 1318 1293 1384 Huc
1328 1318 1412 1384 adde

291 1425 458 1512 postremo
476 1422 719 1503 Quintilianum
736 1423 770 1488 in
786 1424 980 1490 notionibus
997 1430 1105 1502 αἰτίου,
1122 1431 1308 1510 συνέχοντος
1323 1428 1414 1492 trac·

292 1528 419 1613 tandiS,
463 1530 618 1615 quamvis
661 1531 790 1596 occasio
829 1529 1056 1614 Hermagorae
1091 1533 1281 1598 sententiae
1315 1532 1415 1618 plane

293 1636 524 1723 proferendae,
563 1639 759 1724 praesertim
799 1658 873 1702 oum
912 1637 1005 1704 brevi
1043 1642 1123 1705 ante
1159 1660 1236 1705 eum
1270 1660 1417 1705 comme-

295 1747 495 1830 morasseti)
527 1746 561 1810 et
591 1746 742 1811 rhetores
775 1744 816 1810 de
846 1743 911 1810 illis
943 1747 1136 1813 notionibus
1169 1748 1256 1812 inter
1287 1767 1323 1812 se
1347 1744 1417 1810 dis-

296 1853 470 1935 sentirent,
495 1853 526 1918 ei
549 1850 631 1918 data
655 1853 753 1934 esset,
777 1854 892 1916 tamen
920 1852 960 1918 de
985 1853 1185 1938 quibusdam
1200 1852 1298 1919 modo
1314 1853 1420 1918 verba

296 1961 415 2026 fecisse
433 1962 535 2045 atque
550 1980 608 2044 pro
626 1958 775 2043 aliorum,
798 1958 959 2044 imprimis
974 1958 1201 2044 Hermagorae
1218 1960 1420 2026 auctoritate

300 2067 464 2133 Ciceronis
489 2064 746 2151 explicationem
769 2087 836 2130 non
859 2068 974 2150 aptam
1000 2068 1191 2153 amplexum
1214 2068 1322 2150 essai)
1357 2067 1422 2130 At-

301 2196 366 2260 quc
396 2173 481 2238 baec
509 2172 734 2238 fundamenta
765 2176 917 2238 statuum
950 2174 1030 2239 item
1063 2195 1103 2240 ac
1126 2174 1237 2241 Cicero
1260 2173 1423 2240 adversus

301 2282 467 2348 rationem
501 2279 693 2366 appendicis
728 2278 800 2346 loco
836 2281 1000 2365 exposuit.
1060 2281 1151 2347 Haec
1185 2281 1297 2365 igitur.
1319 2279 1426 2346 verba

304 2387 500 2469 Quintiliani
515 2387 603 2474 (inst.
616 2387 660 2452 III
675 2386 781 2474 11,1):
802 2385 881 2451 »His
898 2385 952 2473 (sc.
967 2387 1123 2474 statibus)
1135 2389 1282 2455 inventis
1295 2387 1426 2453 intuen-

305 2496 384 2561 dum
408 2495 562 2581 deinceps
579 2494 802 2576 Hermagorae
825 2493 967 2576 videtur,
993 2494 1071 2580 qnid
1088 2495 1133 2560 sit
1148 2496 1311 2582 quaestio,
1329 2495 1426 2576 ratio,

304 2602 473 2686 iudicatio,
506 2602 691 2682 continens
723 2598 787 2682 vel,
821 2603 860 2665 ut
890 2600 946 2665 alii
976 2604 1111 2686 vocant,
1143 2601 1424 2685 firmamentum«

308 2731 511 2799 quamquam
546 2708 770 2790 Hermagoras
804 2707 1010 2790 nominatur,
1047 2710 1162 2773 tamen
1193 2708 1260 2774 fide
1291 2707 1430 2791 indigna

309 2823 397 2886 sunt.
444 2815 529 2884 Crdo
553 2815 624 2901 ipse
647 2813 887 2880 vocabulorum
911 2813 993 2880 artis
1020 2815 1133 2898 oratio,
1157 2815 1325 2898 iudicatio,
1350 2834 1430 2880 con-

308 2927 454 3006 tinens«,
479 2922 636 3009 quoniam
660 2920 905 3003 iudicationem,
930 2923 1095 3007 utsupra
1110 2921 1264 3007 vidimus,
1283 2924 1431 2988 extremo

310 3034 382 3100 loco
399 3035 489 3098 staro
507 3032 646 3117 oportet,
665 3028 887 3114 suspicionem
900 3032 1014 3094 movet
1025 3027 1211 3114 iterumque
1225 3027 1433 3094 demonstrat

313 3139 555 3223 Quintilianum
586 3136 734 3202 Ciceroni
766 3156 802 3200 se
834 3133 1010 3201 addixisse.
1041 3173 1085 3182 -
1117 3133 1243 3214 Quibus
1279 3135 1434 3201 omnibus

312 3249 399 3316 fides
423 3244 627 3327 Quintiliano
650 3243 685 3307 in
702 3241 927 3325 Hermagorae
951 3241 1121 3309 doctrinae
1144 3240 1341 3324 fragmentis
1363 3243 1435 3307 tra-

406 3427 423 3496 q
443 3424 512 3478 Inst.
533 3420 728 3485 or.1115,15;
750 3419 850 3487 15‚36;
870 3420 946 3484 ma.

406 3515 424 3583 θ)
444 3514 484 3568 ΙΙΙ
498 3512 574 3578 11,1.

407 3608 426 3676 q
445 3602 580 3667 11111,5:
603 3624 631 3656 ›.
652 3643 657 3654 .
676 3603 760 3654 tanta
785 3604 828 3662 est
853 3600 925 3654 circa
950 3600 1036 3653 verba
1056 3598 1201 3663 dissensio,
1220 3599 1253 3651 ut
1272 3597 1331 3651 alii
1350 3591 1440 3648 αἰτίαν

224 3741 228 3749 ,
319 3713 435 3755 oausam
454 3693 554 3758 indicii,
575 3691 661 3744 αἰτιον
680 3692 776 3744 autem
793 3689 864 3743 facti
882 3690 993 3753 vocent,
1020 3687 1084 3742 alii
1103 3687 1203 3741 eadem
1221 3687 1250 3740 in
1268 3686 1441 3740 contrarium

318 3790 458 3844 vertant«
495 3782 564 3838 Ibid.
584 3779 646 3852 §tlt
668 3779 796 3843 »Σννέχον
820 3781 916 3832 autem
941 3775 1033 3847 (quod,
1057 3779 1090 3830 ut
1113 3775 1176 3840 dixi,
1205 3775 1353 3830 continens
1379 3774 1442 3828 alii

319 3877 530 3934 firmamentum
562 3870 626 3926 alii
658 3871 769 3939 putant,
801 3866 923 3920 Cicero
953 3865 1143 3920 firmissimam
1166 3864 1442 3934 argumentationem

322 3964 478 4021 defensoris
497 3966 526 4015 et
544 3958 771 4031 potentissimam
785 3956 820 4010 ad
832 3955 1040 4025 iudicationem)
1061 3954 1273 4025 quibusdam
1292 3951 1321 4005 id
1333 3951 1445 4006 videtur

260 4064 261 4067 ’
324 4073 393 4121 esse,
412 4055 479 4124 post
492 4051 568 4122 quod
580 4048 649 4102 nihil
663 4047 814 4118 quaeritur,
829 4045 911 4116 quib
921 4044 1043 4099 usdam
1055 4043 1091 4108 id,
1106 4041 1181 4113 quod
1194 4042 1231 4096 ad
1242 4040 1445 4095 iudicationem

322 4145 514 4202 firmissimum
537 4139 681 4196 affertur«
725 4135 793 4190 Ibid.
820 4133 904 4204 §12:
938 4133 1174 4187 >Firmamentum
1204 4132 1301 4184 autern
1324 4127 1446 4182 verbis

323 4236 435 4309 ipsius
454 4249 566 4304 ponam.
586 4272 593 4284 .
613 4250 636 4283 .«
