3198 5054
596 445 840 510 -115-

245 625 396 710 Denique
421 645 463 689 ex
487 645 528 690 ea
550 623 691 707 ratione,
716 643 783 708 qua
799 623 1022 704 Hermagoras
1039 621 1185 687 statibus
1201 642 1277 707 pro-

156 731 306 798 blemata
336 733 493 817 asystata
525 730 694 817 opposuit,
728 732 856 796 statum
888 728 1030 796 eundem
1066 749 1140 794 esse
1175 730 1278 815 atque

155 839 392 904 iudicationem
415 837 620 923 perspicitur.
665 836 819 922 Namque
847 836 912 901 nisi
943 839 1075 921 praeter
1102 837 1279 918 κατάφασιν

157 949 190 1011 et
213 948 375 1030 ἀπόφασιν
398 949 495 1010 αἴτιον
519 948 553 1010 et
576 947 710 1028 συνέχον
733 943 901 1008 elementa
924 945 1035 1008 status
1059 945 1182 1023 essent,
1211 955 1302 1008 non·

156 1074 230 1118 esse
246 1053 396 1118 futurum
412 1054 593 1126 ἀσύστατον,
615 1050 644 1116 si
660 1050 826 1133 deessent,
844 1048 1063 1115 manifestum
1079 1052 1139 1116 est.
1175 1048 1279 1133 Atqui

156 1162 328 1225 dederam
351 1180 419 1225 non
434 1161 507 1224 tam
523 1179 562 1223 eo
579 1157 749 1240 exsistere,
767 1155 856 1243 quod
871 1159 1048 1240 κατάφασις
1064 1159 1099 1222 et
1119 1157 1278 1238 ἀπόφασις

156 1265 199 1331 ad
224 1265 456 1352 quaestionem
479 1263 850 1351 perducinequeunt,1)
874 1284 976 1349 quarn
1000 1285 1048 1348 eo,
1074 1261 1163 1350 quod
1193 1260 1278 1327 iudi-

158 1373 245 1440 catio
270 1374 364 1439 nasci
386 1393 454 1438 non
479 1375 601 1457 potest,
625 1371 691 1436 hae
715 1373 842 1457 species
865 1370 1109 1456 problematum
1142 1372 1279 1456 asysta-

156 1484 275 1562 torum,
301 1501 385 1565 quas
408 1478 631 1562 Hermagoras
655 1477 821 1561 discrevit,
847 1477 933 1542 clare
958 1476 1204 1542 demonstrant:

249 1623 274 1687 1.
305 1623 375 1686 Κατ
401 1623 579 1708 ’ἒλλιντέςῆ
611 1641 686 1686 oum
714 1619 839 1706 aliquid
870 1619 1142 1685 circumstantiae
1174 1618 1278 1684 deest.

155 1730 224 1795 Iam
250 1750 324 1794 cum
348 1733 367 1812 ἡ
392 1732 471 1793 αἰτία
494 1729 581 1794 inter
611 1731 725 1814 partes
757 1727 1028 1792 circumstantiae
1057 1728 1277 1809 enumeretur,

156 1836 196 1902 de
209 1840 368 1920 σονέχοντι
381 1856 512 1922 quoque
525 1833 739 1918 cogitandum
752 1855 826 1899 esse
838 1836 941 1920 patet,
958 1836 998 1899 ut
1009 1834 1073 1898 hoc
1089 1831 1277 1917 exemplum

157 1942 390 2009 Fortunatiani
406 1942 561 2008 afferam:
589 1942 637 2007 »si
653 1939 773 2027 aliquis
790 1940 965 2006 abdicatur
980 1961 1042 2006 neo
1058 1938 1278 2005 abdicationis

156 2049 225 2114 ulla
249 2051 294 2116 sit
317 2070 433 2115 causa:
464 2070 545 2114 nam
569 2049 597 2114 si
629 2069 804 2135 ponamuS,
831 2046 920 2133 quod
942 2046 1134 2112 luxuriosus
1157 2045 1202 2112 sit
1224 2045 1279 2110 vel

157 2156 245 2243 quod
269 2158 392 2222 amicos
415 2178 483 2222 non
499 2156 627 2222 habeat
650 2158 710 2221 aut
733 2154 856 2241 aliquid
880 2152 1118 2238 huiuscemodi,
1139 2154 1280 2219 materia

157 2265 345 2330 consistet«

245 2390 274 2453 2.
297 2389 368 2452 Κατ
385 2389 562 2473 ’ἰσότητα,3)
586 2409 661 2452 cum
686 2385 802 2452 cadem
828 2387 992 2472 utrimque
1024 2385 1187 2451 dicuntur.
1234 2383 1280 2449 Ut

157 2495 241 2561 haec
276 2495 454 2581 appellatio
495 2497 573 2580 apte
609 2493 764 2580 quadret,
800 2481 868 2559 non
903 2494 1001 2558 modo
1036 2492 1278 2578 aequalitatem

157 2607 368 2686 καταφάσεως
392 2604 425 2668 et
448 2605 652 2686 ἀποφάσεως,
684 2600 743 2666 sed
775 2601 878 2666 etiam
901 2603 999 2666 αἰτίον
1032 2603 1066 2666 et
1094 2603 1280 2682 συνέχοντος

158 2709 376 2796 spectandam
393 2731 467 2775 esse
489 2711 638 2795 apparet,
671 2708 766 2774 velut
792 2708 912 2774 »vicini
936 2705 1189 2788 adulescentuli,
1222 2705 1280 2790 qui

159 2817 326 2902 speciosas
354 2837 475 2882 uxores
505 2816 687 2897 habebant,
719 2818 823 2880 noctu
854 2815 938 2882 alter
968 2813 1111 2880 alterum
1143 2812 1278 2878 obvium

159 2923 361 2989 habuerunt:
386 2927 548 2990 accusant
569 2923 712 2988 invicem
729 2921 910 2988 adulterii«
954 2921 1014 2988 Hie
1031 2920 1278 2988 criminationes

158 3034 296 3096 mutuae
336 3031 524 3117 (κατάφασις
555 3061 598 3086 =
627 3029 802 3116 ἀπόφασις)
835 3027 951 3095 eodem
985 3028 1079 3111 signo
1111 3027 1221 3112 (αἴτιον
1236 3056 1280 3080 =

159 3141 300 3221 συνέχον)
325 3137 487 3204 nituntur.

248 3263 277 3328 3.
300 3264 392 3327 Καθ’
418 3262 752 3348 ἑτερομερίαν,4),αυιῐι
768 3282 824 3326 reo
841 3259 935 3326 nulla
955 3258 1104 3326 defensio
1121 3257 1280 3343 (συνέχον)

160 3371 221 3452 est,
254 3368 343 3454 quod
374 3369 446 3434 eius
477 3389 622 3455 persona
651 3389 709 3454 per
733 3389 768 3434 se
798 3367 980 3434 inhonesta
1012 3366 1150 3432 ducitur.
1197 3362 1280 3450 (Hoc

160 3474 389 3541 additamento
423 3496 506 3561 opus
538 3479 598 3559 est,
632 3475 790 3561 quoniam
814 3476 848 3539 in
879 3474 985 3560 prima
1008 3494 1139 3559 quoque
1172 3470 1282 3557 specie

160 3581 307 3648 defensio
333 3582 558 3663 desideratur.)

252 3835 270 3900 ¹)
291 3831 391 3886 Thielii
409 3832 501 3886 Herm.
521 3850 546 3903 p.
560 3831 603 3886 62.

249 3921 268 3990 l)
287 3924 359 3989 Aug.
378 3938 406 3991 p.
421 3921 520 3987 146,3;
539 3921 615 3974 Fert.
634 3937 660 3990 p.
673 3919 716 3985 82,
729 3919 776 3986 17;
796 3921 851 3974 Jul.
872 3919 944 3973 Vict.
964 3935 990 3988 p.
1003 3918 1119 3982 37435.

250 4011 268 4078 ⁸)
287 4010 359 4080 Aug.
382 4027 409 4080 p.
430 4010 489 4077 146,
509 4011 555 4076 10;
581 4010 658 4064 Fert.
683 4027 709 4080 p.
723 4010 766 4075 82,
782 4010 832 4076 22;
860 4009 916 4063 Jul.
935 4008 1009 4063 Vict.
1029 4025 1055 4077 p.
1075 4007 1136 4074 374,
1152 4007 1194 4061 37.
1238 4007 1281 4061 Of.

158 4098 378 4162 W.vl1145‚7.

249 4187 268 4257 ⁴)
288 4187 360 4257 Aug.
388 4205 414 4258 p.
435 4187 557 4253 146,24;
585 4188 662 4242 Fert.
688 4205 714 4257 p.
734 4185 777 4252 82,
795 4187 843 4252 2‘l;
870 4187 926 4240 Jul.
949 4187 1022 4240 Viot.
1046 4202 1072 4256 p.
1091 4185 1153 4250 375,
1171 4184 1196 4238 3.
1239 4183 1281 4237 Cf.

160 4275 204 4332 W.
218 4277 255 4330 IV
276 4276 391 4343 148,29;
410 4277 475 4331 ibid.
498 4276 611 4342 149,10.

1089 4362 1122 4418 81
