3224 5044
754 383 977 450 ..60-

209 630 211 634 .
305 563 457 630 doctrina
487 563 622 648 perinde
659 565 761 649 atque
797 583 911 629 eorum
945 561 1110 626 rhetorica
1145 559 1250 626 civilis
1282 559 1318 624 in
1346 579 1427 629 con-

303 670 475 736 troversiis
490 669 701 736 iudicialibus
726 671 760 734 et
779 667 1008 735 deliberativis
1025 686 1147 750 genere
1164 665 1428 732 demonstrativo

305 780 444 863 excepto
460 777 515 842 vel
539 779 627 842 certe
647 775 799 858 neglecto
816 775 1001 878 versatur1)
1018 776 1257 859 praetereaque
1273 772 1427 858 quaestio

305 883 410 950 civilis
433 883 571 950 notione
594 882 708 949 Stoica
730 889 794 948 τῶν
816 889 935 947 κοινῶν
958 885 1090 946 ἐννοιῶν
1112 879 1334 961 illustratur.²)

393 1009 422 1074 3.
456 1006 503 1092 Id,
536 1028 600 1093 quo
623 1008 764 1073 πολιτικά
789 1009 949 1091 ζητήματα
974 1005 1202 1088 efficiuntur,³)
1235 1006 1343 1088 (μόρια
1373 1029 1427 1069 πε-

304 1115 485 1202 ριστάσεως)
516 1114 598 1180 artis
622 1113 786 1179 vocabulo
811 1112 931 1178 Stoicis
959 1111 1086 1177 usitato
1110 1111 1321 1178 nominatum
1353 1132 1427 1176 esse

305 1220 430 1289 Striller
453 1222 520 1286 iam
544 1219 819 1306 animadvertit.⁴)

392 1328 422 1394 4.
446 1326 703 1410 Elementorum,
729 1349 747 1392 e
772 1326 892 1412 quibus
917 1329 1029 1392 status
1054 1330 1200 1407 emanat,
1224 1326 1259 1390 τὸ
1283 1328 1426 1408 συνέχον,

303 1437 343 1500 ut
365 1456 467 1520 supra
489 1434 596 1519 attigi,
621 1432 842 1499 eStoicorum
866 1431 1107 1498 consuetudine
1123 1431 1282 1518 loquendi
1304 1452 1428 1496 nomen

304 1542 398 1627 cepit,
421 1541 455 1607 id
479 1540 568 1627 quod
590 1541 643 1606 his
666 1539 746 1606 locis
771 1539 995 1623 cognoscitur:
1020 1539 1109 1605 Sext.
1122 1538 1214 1624 Emp.
1231 1538 1306 1604 adv.
1322 1539 1426 1603 math.

302 1645 363 1712 VH
379 1648 460 1713 234:
484 1649 562 1732 φασί
586 1652 639 1729 (sc.
655 1648 797 1712 Στωϊκοί
817 1672 894 1718 τινες
905 1648 942 1732 5))
967 1699 973 1710 .
998 1697 1005 1712 .
1028 1648 1138 1731 ψυχὴν
1158 1648 1302 1730 λέγεσδαι
1319 1647 1426 1729 διχῶς,

304 1758 339 1820 τό
361 1781 394 1820 τε
418 1760 552 1838 συνέχον
574 1757 630 1837 τὴν
653 1756 730 1837 ὅλην
745 1757 906 1838 σύγκρισιν
928 1756 982 1818 καί
998 1757 1062 1818 κατ’
1080 1756 1163 1819 ι’δίαν
1177 1755 1213 1816 τδ
1229 1754 1427 1836 ἡγεμονικόν.

303 1859 756 1943 Philod.1·het.11220,10:
795 1869 909 1944 σαφῶς
939 1863 1085 1944 λέγοντος
1119 1862 1173 1941 (so.
1198 1860 1340 1925 Zenonis
1371 1858 1426 1924 vel

304 1970 415 2055 potius
433 1967 614 2054 Chrysippi,
636 1968 728 2032 ouius
746 1966 927 2052 discipulus
942 1967 1109 2049 Diogenes
1124 1966 1259 2048 fueritll
1276 1969 1424 2032 ἄκουσον

256 2091 259 2098 “
306 2076 408 2158 „⁰pr
428 2077 563 2158 ἐνπειρία
578 2081 643 2139 τῶν
658 2076 827 2140 πολιτικῶν
850 2077 997 2159 ῥητόρων
1020 2076 1056 2139 τδ
1080 2077 1213 2158 συνέχον
1229 2078 1346 2157 ἔχουσα
1362 2076 1425 2137 κεί-

302 2209 400 2266 μενον
431 2185 464 2246 ἐν
494 2185 636 2265 εὐκαιρίᾳ
667 2184 721 2246 καί
751 2185 896 2265 εὐστοχίᾳ
926 2181 1082 2264 (fortasse
1115 2179 1325 2246 scribendum
1357 2183 1424 2245 cst:

303 2292 337 2354 ἐν
367 2291 527 2372 εὐκαιρίας
554 2292 723 2373 οκενοιρίαι
746 2289 765 2352 i.
783 2309 809 2353 e.
832 2290 866 2352 in
899 2288 1158 2374 opportunitatis
1191 2287 1425 2352 observatione

305 2399 464 2462 accurata
487 2393 668 2485 [positum])
693 2398 832 2460 διδάσκει
855 2395 1006 2466 πολλάκις
1032 2396 1092 2478 μὲν
1115 2397 1257 2459 ἐκτείνειν
1279 2395 1426 2478 μακροὺς

300 2505 424 2586 λόγους,
448 2505 598 2574 πολλάκις
622 2505 657 2568 δὲ
679 2504 754 2586 βαιά
777 2527 843 2566 τινα
868 2504 1079 2586 διαλεχθῆναι,
1111 2503 1262 2572 πολλάκις
1286 2502 1319 2565 δὲ
1342 2503 1426 2584 μηδὲ

303 2611 407 2693 διᾶραι
429 2612 466 2674 τὰ
490 2611 604 2693 χείλη.“
653 2610 833 2674 Praeterea
862 2607 1032 2695 Polybius
1069 2608 1122 2672 cui
1157 2628 1232 2673 cum
1262 2608 1424 2673 Panaetio

303 2715 414 2781 Stoico
450 2715 576 2781 Romae
612 2715 845 2781 commercium
879 2715 984 2780 fuisse
1020 2714 1130 2780 Cicero
1165 2715 1218 2797 (de
1252 2735 1318 2800 rep.
1339 2714 1424 2795 121)

302 2822 413 2904 refert,
438 2821 495 2888 illa
518 2841 600 2887 voce
625 2820 850 2907 compluribus
874 2820 954 2887 locis
978 2843 1060 2886 usus
1085 2825 1146 2904 est,
1171 2819 1331 2907 adquam
1354 2842 1425 2886 rem

302 2928 415 2995 Thielc
439 2928 603 3013 (Hermag.
620 2951 650 3015 p.
666 2929 710 2995 74
734 2934 769 2994 et
795 2928 868 3015 172)
893 2929 1023 2994 animos
1048 2928 1202 2994 advertit.

394 3038 423 3103 5.
448 3035 566 3102 Status
598 3036 825 3102 definitionem
849 3036 1109 3118 Hermagoream
1138 3043 1194 3100 τοῦ
1224 3038 1332 3107 τέλους
1363 3056 1424 3100 ex-

300 3143 471 3232 plicationi
488 3143 620 3209 Stoicae
643 3142 842 3230 respondere
866 3144 985 3208 horum
1004 3141 1152 3209 locorum
1176 3143 1423 3228 comparatione

301 3253 456 3337 apparet:
481 3249 532 3315 W.
545 3250 601 3315 Vll
620 3251 692 3334 173,
707 3251 744 3315 3:
769 3248 884 3336 (στάσις
908 3253 978 3332 ἐστι)
1003 3253 1097 3333 φάσις
1120 3253 1139 3333 ἡ
1165 3251 1319 3334 ἀνωτάτη,
1342 3251 1425 3333 πρὸς

300 3363 340 3442 ἢν
363 3361 396 3422 αἱ
425 3359 505 3422 κατά
528 3361 627 3441 μέρος
650 3360 825 3431 ἀποδείξεις
856 3359 1074 3440 ἀναφέρονται.
1121 3356 1243 3442 (Quint.
1259 3356 1304 3420 ill
1319 3355 1349 3438 δ,
1363 3355 1423 3421 21:

299 3463 522 3546 Hermagoras
547 3467 675 3530 statum
697 3467 806 3547 vocat,
831 3513 837 3528 .
863 3515 869 3528 .
894 3515 900 3528 .
924 3461 969 3528 ad
992 3485 1091 3548 quem
1113 3463 1329 3549 probationes
1353 3513 1360 3528 .
1384 3513 1391 3528 .
1417 3514 1423 3527 .

392 3679 410 3748 1)
428 3679 559 3734 Brandst.
579 3678 596 3732 l.
615 3677 660 3731 all.
679 3694 707 3747 p.
722 3677 773 3732 152
783 3694 843 3748 sqq.

390 3769 409 3838 Ἴ
428 3768 503 3822 Plut.
524 3767 558 3821 de
578 3783 678 3821 comm.
697 3768 757 3820 not.
776 3783 803 3836 p.
819 3765 888 3821 1060
900 3768 932 3821 A.
954 3765 1038 3820 Strill.
1058 3766 1076 3822 l.
1095 3766 1141 3820 all.
1161 3783 1187 3836 p.
1204 3767 1244 3821 19.

390 3859 409 3927 8)
429 3857 548 3926 August.
567 3874 594 3926 p.
608 3855 720 3920 142,13.

390 3945 615 4017 tlfflpffi

389 4037 409 4103 ⁶)
430 4034 470 4088 Of.
490 4032 587 4105 §2342
613 4029 690 4085 ἄλλοι
714 4072 721 4087 .
747 4074 752 4086 .
778 4031 973 4102 ἀντελογὴσαντσ
999 4037 1029 4088 et
1056 4032 1154 4105 §2332
1177 4033 1244 4105 πρὸς
1269 4032 1311 4090 οδε
1336 4032 1422 4085 ἅπαν-

300 4128 394 4180 τῶντεν
413 4117 441 4175 οἱ
456 4121 510 4175 ἀπὸ
529 4125 574 4188 τῆς
592 4123 705 4179 Στοᾶς.
726 4162 732 4174 .
753 4161 759 4174 .
779 4123 855 4191 Lege
874 4123 988 4178 omnino
1008 4121 1093 4194 §227
1103 4140 1163 4195 sqq.

390 4215 409 4279 ί)
429 4213 470 4267 cf.
491 4212 577 4283 praef.
597 4213 687 4283 suppl.
706 4211 816 4267 Philod.
836 4212 908 4268 rhet.
927 4229 954 4283 p.
967 4213 1023 4268 Xlr.
