3224 5044
632 433 855 498 ...25-

179 637 278 694 ροντι,
319 613 454 694 δυνατῷ,
493 613 629 694 ἐνδόξῳ,
668 637 714 694 τῳ

179 721 396 803 ἕκβησομένῳ.

227 932 340 1016 165,6;
356 933 398 996 Τὸ
408 931 712 997 δἀὑδυνατδνὺπο-

181 1041 357 1123 διαιρήσεις,
380 1045 509 1122 πρῶτον
530 1040 589 1122 μὲν
613 1041 658 1103 ὅτι
674 1042 713 1104 οὑ

181 1147 318 1228 χαλεπὸν
331 1148 462 1217 δεικνύς,
480 1197 486 1208 .
504 1197 510 1210 .
528 1194 549 1219 .,
566 1146 637 1220 εἶτα,
656 1195 712 1220 ...,

180 1255 225 1316 ὅτι
230 1255 316 1318 εἶκαὶ
324 1254 462 1335 χαλεπὸν
467 1254 523 1317 ἀλλ
533 1255 713 1336 ἀναγκαῖον,

181 1360 240 1424 εἶθ’
267 1361 311 1424 ότι
334 1361 533 1442 καλπρᾴδιον.

225 1483 342 1566 166,4;
362 1485 404 1549 Τδ
421 1537 427 1549 .
446 1487 680 1569 .ε’κβησόμενον
689 1486 714 1572 1)

224 2124 310 2210 (159,
324 2124 359 2209 τ)

768 612 952 694 παρακαλεῖ,
969 613 1074 676 δίκαια
1091 613 1165 676 ὄντα
1181 614 1235 674 καὶ
1251 613 1303 675 νό-

768 742 850 801 μιμα
866 719 919 782 καὶ
935 721 1139 802 συμφέροντα
1154 719 1208 782 καὶ
1223 719 1304 782 καλὰ

768 827 821 888 καὶ
836 826 916 908 ἡδέα
932 827 985 890 καὶ
1001 826 1095 908 ῥᾴδια
1112 827 1303 908 πραχθῆναι.

769 934 797 995 εἰ
818 933 852 996 δὲ
874 935 930 1016 μή,
963 933 1080 997 δυνατά
1102 958 1134 996 τε
1158 933 1304 1006 δεικτέον,

769 1040 843 1103 ὅταν
874 1041 924 1103 ἐπὶ
955 1041 1094 1122 δυσχερῆ
1124 1041 1303 1122 παρακαλῇ,

767 1146 821 1210 καὶ
844 1147 891 1216 ῶς
914 1148 1068 1229 ἀναγκαῖα
1091 1153 1186 1210 ταῦτα
1204 1153 1304 1210 ποιεῖν

769 1255 855 1317 ἔστιν.

813 1506 844 1569 p.
853 1484 945 1566 28,9;
964 1485 1024 1551 δεῖ,
1035 1485 1105 1548 ,τδν
1113 1486 1302 1567 εὐλογοῦντα

770 1593 921 1656 δεικνύειν
933 1599 997 1662 τοῖς
1008 1593 1121 1674 λόγοις,
1139 1593 1186 1662 ῶς
1200 1592 1303 1674 τούτῳ

768 1708 814 1782 τῷ
829 1701 997 1782 ἀνθρώπῳ
1010 1703 1029 1782 ἢ
1042 1706 1106 1770 τοῖς
1122 1699 1303 1782 πράγμασιν

769 1807 902 1888 ὑπάρχει
925 1831 952 1868 τι
975 1813 1098 1869 τοιοῦτο
1124 1808 1178 1869 ὑπ’
1205 1807 1302 1869 αὑτοῦ

769 1913 983 1994 κατεργασὺὲν
1007 1916 1026 1995 ἢ
1052 1913 1094 1975 δι’
1122 1914 1219 1976 αὑτοῦ
1242 1937 1301 1975 πο-

769 2020 877 2100 ρισὺὲν
908 2023 927 2102 ἢ
959 2021 994 2082 ἐκ
1024 2020 1138 2083 τούτου
1171 2021 1301 2100 ἐπισυμ-

768 2129 879 2208 βαῖνον
904 2177 910 2189 .
936 2177 941 2188 .
967 2177 973 2189 .
999 2177 1005 2189 .

225 2230 299 2314 164,
312 2231 368 2297 25:
396 2233 437 2297 Τδ
461 2236 628 2316 συμφέρον
652 2234 712 2296 διτ-
803 2234 804 2238 ’

179 2341 233 2403 τόν
268 2341 355 2414 ἐστιν,
391 2341 436 2403 ὅτι
470 2343 627 2424 χρήσιμον
660 2341 714 2404 καὶ

178 2447 223 2509 ότι
246 2448 419 2529 ἀναγκαῖον
424 2495 543 2520 .....
563 2453 654 2510 τοῦτο
679 2448 714 2511 δὲ

179 2554 277 2635 διχῶς
311 2554 474 2627 ἐξετάσεις,
508 2556 538 2617 τί
569 2561 714 2618 ποιοῦσιν

179 2663 254 2743 ἡμῖν
269 2661 341 2724 τόδε
355 2685 382 2723 τι
397 2667 529 2744 πρᾶγμα
544 2662 615 2742 περὶ
636 2659 675 2725 οὗ
692 2663 712 2744 ἡ

179 2768 290 2850 βουλή,
318 2770 519 2859 συμβήσεται,
542 2769 596 2831 καὶ
618 2769 647 2830 τί
666 2769 712 2851 μὴ

178 2881 330 2939 ποιοῦσιν.
363 2876 512 2957 ἑκάτερον
543 2875 578 2938 δὲ
608 2877 713 2939 αὐτῶν

177 2981 270 3044 πάλιν
284 2988 451 3064 τετραχῶς,
468 2983 536 3046 οἷον
554 2983 595 3065 (1)
613 2985 642 3045 εἰ
654 2983 713 3064 μὲν

178 3089 327 3171 έλοίμεδα
352 3089 437 3164 αὐτό,
468 3090 504 3152 τὰ
527 3091 587 3171 μὲν
610 3089 712 3169 ὑπάρ-

177 3219 272 3277 χοντα
296 3197 371 3278 ἡμῖν
395 3196 503 3278 ἀγσὺδ
530 3202 713 3278 παραμενεῖ,

180 3303 228 3384 (2)
246 3303 351 3366 καὶτὰ
368 3305 428 3367 οὑκ
445 3305 519 3367 ὄντα
536 3305 712 3386 προσέσται,

180 3409 227 3492 (3)
252 3411 289 3473 τά
307 3409 380 3473 δἀὑ
404 3411 586 3493 ὑπάρχοντα
607 3411 712 3492 φαῦλα

179 3518 439 3601 ἀποτρειμόμεὺα,
466 3517 511 3600 (4)
530 3517 635 3580 καὶτὰ
652 3519 712 3580 οὑκ

178 3625 251 3687 ὄντα
276 3625 314 3688 οὑ
337 3625 605 3707 προσληψόμεθα.
614 3623 636 3709 2)

812 2893 841 2957 p.
866 2870 915 2956 14,
930 2871 963 2936 6:
988 2875 1154 2955 συμφέρον
1179 2875 1215 2937 δέ
1241 2875 1302 2937 ἔστι

770 2981 811 3063 (1)
836 2985 900 3043 τῶν
928 2981 1139 3062 ὑπαρχόντων
1167 2981 1302 3062 άγσδῶν

768 3087 896 3170 φυλακή

769 3305 787 3384 ἢ
800 3301 847 3384 (2)
862 3307 926 3364 τῶν
938 3301 983 3384 μὴ
997 3302 1184 3381 προσόντων
1196 3306 1302 3382 κτῆσις

768 3412 787 3491 ἢ
814 3409 862 3491 (3)
884 3414 949 3472 τῶν
964 3409 1175 3490 ὑπαρχόντων
1190 3416 1302 3471 κακῶν

768 3515 911 3597 ἀποβολὴ
944 3519 963 3598 ἢ
995 3515 1039 3598 (4)
1069 3523 1133 3578 τῶν
1160 3515 1301 3597 προσδο-

767 3624 927 3705 κωμένων
940 3622 1126 3704 γενήσεσθαι
1134 3622 1302 3704 βλαβερῶν

768 3730 964 3798 διακώλυσις.

268 4031 289 4097 ¹)
309 4030 403 4098 Quint.
423 4029 561 4095 V10‚86;
588 4030 703 4084 Fortun.
723 4045 749 4098 p.
770 4027 829 4094 106,
838 4029 873 4082 16
896 4028 994 4096 (Halm,
1019 4027 1104 4081 Rhet.
1129 4027 1193 4082 Lat.
1218 4026 1302 4096 mim).

258 4136 287 4204 ’”)
308 4137 350 4192 Of.
371 4137 464 4192 Herm.
478 4138 525 4208 Sp.
538 4137 564 4190 II
579 4137 637 4203 165,
649 4136 696 4203 28;
717 4134 809 4204 Quint.
823 4134 848 4187 V
862 4135 902 4198 10,
914 4135 963 4200 33;
984 4134 1064 4188 Corn.
1084 4137 1136 4189 art.
1149 4134 1222 4188 rhet.
1235 4134 1302 4204 epit.

179 4225 373 4297 μἎωὴ
