3224 5044
622 430 844 495 „11-

806 607 852 674 Of.
892 607 1016 674 Theon.
1055 627 1145 694 prog.
1186 607 1239 693 Sp.
1270 607 1300 672 Π

766 715 838 800 129,
865 714 917 780 19.

217 821 291 907 141,
316 822 376 888 27:
400 823 459 887 ὅύο
480 823 561 905 ἦσάν
574 847 621 905 τῳ
637 829 708 886 παῖ·
809 822 919 903 Quint.
936 821 996 887 VII
1020 821 1050 905 9,
1075 821 1111 888 6:
1136 820 1190 887 Sic
1211 820 1301 908 apud

173 931 224 1001 ὃες
265 930 362 995 Λέων
407 931 461 994 καὶ
506 929 709 994 Πανταλέων.
765 927 910 995 Graecos
927 927 1137 995 contendunt
1152 929 1249 994 Λέων
1267 931 1301 996 et

171 1040 322 1102 τελευτῶν
345 1039 364 1101 ὃ
386 1037 491 1120 πατὴρ
515 1037 636 1100 διέθετο
653 1038 709 1100 αύ-
763 1037 972 1111 Πανταλέων,
1020 1057 1095 1102 cum
1139 1036 1302 1121 scriptura

171 1169 243 1218 τως,
275 1146 372 1227 ἐχέτω
402 1144 440 1207 τὰ
466 1143 526 1226 ἐμὰ
550 1143 709 1207 ΠΑΝΤΑ
764 1142 866 1208 dubia
895 1145 956 1226 est,
989 1142 1079 1209 bona
1103 1142 1215 1207 omnia
1237 1143 1300 1206 Λέ-

172 1251 310 1324 ΛΕΩΝ,
334 1251 387 1315 καὶ
404 1252 553 1334 ἑκάτερος
573 1252 709 1314 ἀντινιοι-
764 1276 827 1315 οντι
851 1271 895 1315 an
918 1250 1009 1315 bona
1023 1251 1234 1314 Πανταλέοντι
1250 1269 1302 1314 re·

173 1365 247 1422 εῖται
278 1360 415 1432 πάντων,
447 1359 466 1421 ὁ
495 1359 555 1441 μὲν
589 1359 642 1441 ὑφ’
675 1360 710 1422 ἓν
763 1356 844 1423 licta
868 1357 944 1423 sint.

175 1467 403 1547 ἀναγινώσκων
419 1465 623 1538 Πανταλέων,
641 1465 659 1528 ὁ
675 1465 710 1528 ἀὲ

175 1573 290 1643 διιστὰς
312 1574 422 1646 πάντα,
446 1571 510 1636 εἶτα
533 1572 637 1636 Λέων.

222 1677 293 1762 142,
311 1678 347 1744 9;
372 1679 418 1750 δὶς
433 1680 505 1763 περὶ
520 1685 585 1743 τῶν
604 1680 711 1742 αὐτῶν
810 1676 920 1758 Quint
952 1677 1011 1744 Vss
1043 1677 1073 1762 6,
1104 1677 1143 1744 4:
1176 1677 1233 1742 Bis
1262 1677 1303 1743 de

175 1786 265 1856 δίκας
293 1787 338 1869 μὴ
367 1785 451 1850 εἶναι·
476 1786 580 1869 φόνου
603 1787 710 1868 κρινό·
766 1784 886 1850 eadem
916 1806 951 1850 re
973 1807 1017 1850 ne
1043 1786 1088 1852 sit
1111 1786 1208 1851 a01i0.
1255 1783 1302 1850 Cf.

173 1893 270 1976 μενός
302 1918 347 1964 τις
378 1894 549 1976 ἀπέφυγεν,
580 1893 712 1976 ὕστερον
765 1891 949 1972 Ps.-Quint.
974 1891 1054 1959 decl.
1078 1893 1180 1978 266.¹)

175 2000 210 2064 ἀὲ
239 2001 328 2082 αύτῷ
356 2003 518 2084 χρωμένῳ
550 2001 667 2064 ἀνεῖλεν
693 2001 711 2064 ὁ

173 2107 259 2181 ύεός,
281 2108 492 2191 ἀνδροφόνοις
508 2109 547 2171 ού
562 2113 642 2190 χρῶ,
659 2109 713 2171 καὶ

174 2215 266 2277 πάλιν
289 2215 406 2297 φεύγει.

220 2318 265 2384 Of.
291 2319 365 2403 143,
391 2321 442 2385 22.

224 2445 295 2531 142,
321 2445 379 2510 19;
404 2448 479 2530 ἐξῆν
493 2447 714 2510 ἀποκτιννύναι
814 2445 889 2511 Sen.
913 2448 1059 2512 controv.
1076 2445 1091 2510 I
1106 2445 1128 2510 4
1143 2467 1173 2531 p.
1190 2445 1233 2510 50
1248 2444 1304 2510 M.:

175 2555 228 2618 καλ
257 2555 312 2618 τὸν
341 2554 456 2637 μοιχὸν
486 2554 540 2617 καὶ
562 2553 619 2636 τὴν
640 2578 712 2636 μοι·
767 2551 966 2618 Adulterum
986 2573 1062 2618 cum
1078 2551 1232 2619 adultera
1248 2552 1306 2638 qui

176 2663 359 2744 χευομένην·
394 2661 449 2725 τὸν
482 2660 597 2744 μοιχὸν
633 2663 712 2725 ἀπο-
768 2658 1030 2745 deprehenderit,
1041 2658 1305 2744 dumutrumque

175 2771 295 2838 κτείνας
316 2775 360 2838 τις
381 2767 484 2851 μόνον
500 2769 609 2852 χρόνῳ
625 2770 712 2832 ύστε-
768 2787 887 2853 corpus
898 2766 1089 2850 interficiat,
1103 2767 1175 2832 sine
1187 2764 1305 2833 fraude

176 2899 234 2957 ρον
264 2877 313 2938 ἐπὶ
335 2884 382 2958 τῴ
403 2876 497 2958 τάφῳ
519 2882 574 2939 τού
596 2882 713 2959 μοιχοῦ
768 2875 821 2940 sit.
1160 2859 1163 2868 Ι

178 2983 379 3064 δακρύουσαν
413 2984 518 3065 εὑρὼν
556 2984 714 3046 ἀπέκτεινε
814 2981 858 3047 Cf.
882 2981 960 3046 IXl
988 3003 1018 3068 p.
1039 2982 1120 3065 3733
1135 3003 1166 3067 p.
1181 2980 1247 3046 432
1265 2981 1305 3046 Μ.

177 3089 232 3170 τὴν
251 3096 391 3170 γυναῖκα,
408 3091 460 3153 καὶ
476 3090 579 3172 φόνου
596 3091 713 3172 φεύγει.
769 3087 813 3155 Of.
830 3091 1005 3174 praeterea
1024 3087 1208 3168 Ps.·Quint.
1226 3087 1306 3153 decl.

769 3195 844 3279 244,
870 3196 943 3279 277,
968 3195 1043 3278 286,
1068 3194 1170 3282 (284).

814 3301 924 3383 Quint.
948 3301 1008 3368 VII
1035 3304 1062 3384 l,
1087 3305 1117 3370 7.

222 3408 296 3493 143,
321 3409 380 3474 28:
402 3413 566 3494 μνωμένῳ
584 3411 641 3474 τινὶ
656 3411 714 3474 κό-
816 3408 1239 3496 Sen.con1r0v.V16p.261
1251 3409 1305 3476 M.:

178 3541 237 3599 ρην
250 3519 269 3600 ἡ
279 3519 384 3601 μήτηρ
393 3519 454 3601 ἔφη
463 3527 517 3601 τῆς
529 3518 714 3600 κόρηςύᾶτ-
771 3516 922 3600 Quidam,
934 3539 1010 3584 cum
1018 3518 1158 3584 haberet
1169 3537 1307 3582 uxorem

177 3646 231 3686 τον
252 3625 460 3707 τεθνήξεσθαι
480 3626 578 3708 αὐτὴν
600 3629 619 3708 ἢ
637 3627 715 3690 ἐκεί·
771 3627 806 3690 et
822 3646 863 3690 ex
879 3645 921 3690 ea
932 3623 1037 3690 filiam
1050 3624 1208 3709 nubilem,
1220 3623 1306 3690 indi-

178 3754 226 3812 νῳ
249 3731 454 3815 δοθήσεσθαι.
480 3733 639 3797 ἀπέθανεν
666 3733 716 3796 ἐπὶ
771 3733 861 3798 eavit
883 3732 988 3817 uxori,
1019 3733 1072 3799 cui
1095 3754 1170 3798 eam
1194 3732 1307 3798 conlo·

180 3839 318 3920 σημείοις
356 3841 541 3922 φαρμάκων
578 3842 598 3923 ἡ
633 3847 714 3914 παῖς,
771 3842 907 3905 naturus
923 3843 1022 3905 esset.
1034 3839 1091 3906 illa
1104 3838 1203 3906 dixit:
1220 3839 1307 3905 cele-

180 3943 241 4007 εἷτα
271 3947 451 4028 βασανίζων
482 3948 500 4010 ὁ
530 3947 633 4030 πατὴρ
660 3948 716 4018 τὰς
768 3947 837 4013 rius
850 3948 1010 4013 morietur
1021 3968 1122 4034 quam
1135 3947 1181 4013 illi
1191 3947 1307 4013 nubat.

179 4052 411 4134 θεραπαινίδαςΙ
448 4055 520 4137 περὶ
564 4055 630 4136 μὲν
660 4063 715 4137 τῆς
770 4053 915 4121 decessit
951 4054 1064 4140 puella
1102 4059 1182 4121 ante
1221 4055 1308 4121 diem

270 4267 288 4334 ¹)
308 4265 455 4321 Demosth.
474 4267 555 4334 Lept.
575 4267 642 4337 (XX)
663 4266 756 4338 §141
