3224 5044
761 413 984 478 ..20-

401 590 490 670 Quos
514 591 603 656 locos
627 590 682 657 illo
708 612 873 657 consensu
890 613 1019 677 usuque
1036 596 1186 678 respecto
1204 592 1247 658 ad
1262 593 1433 659 rhetorum

312 697 496 764 Siculorum
505 701 610 763 artem
619 698 1038 782 itareferrenonveremur‚
1046 701 1084 764 ut
1094 707 1222 782 πρῶτος
1231 699 1433 766 vocabulum

310 803 544 886 intellegamus
556 812 683 888 πρῶτος
693 806 891 889 εὐἋδήυαις,
908 805 984 872 dam
997 805 1181 872 secundum
1193 805 1433 889 Hermagoram

310 914 346 976 τὰ
370 915 564 996 ἀντικείμενα
588 933 594 946 ·
619 914 802 996 κατάφασις,
827 914 995 996 ἀπόφασις,
1019 917 1124 987 αἴτιον,
1149 917 1282 997 συνέχον
1305 917 1433 980 statum

312 1019 522 1084 constituunt
538 1021 572 1084 et
588 1019 841 1105 quaestionibus
853 1019 1026 1102 legalibus
1040 1041 1124 1105 ques
1137 1020 1166 1085 is
1179 1041 1200 1085 e
1212 1020 1432 1086 rationalibus

313 1125 475 1209 distinxit,
502 1125 541 1191 de
562 1125 673 1191 verbis
690 1129 845 1208 certetur,
862 1126 934 1191 sive
951 1125 1216 1192 adversariorum
1232 1126 1316 1193 alter
1330 1127 1434 1192 verba

311 1230 484 1298 cuiusdam
523 1232 772 1298 constitutionis
811 1233 944 1318 premit,
985 1233 1070 1299 alter
1104 1234 1274 1299 sententia
1315 1234 1433 1299 nititur

311 1338 419 1424 (ρητδν
433 1341 487 1404 καί
500 1341 630 1414 διάνοια,
647 1341 807 1424 ἀντινομία
820 1361 826 1374 ·
841 1341 933 1424 διπλῆ
949 1343 1074 1424 ζήτησις
1090 1343 1186 1425 ῥητοῦ
1202 1343 1256 1405 καὶ
1272 1343 1430 1424 διανοίας),

311 1446 382 1511 sive
406 1446 518 1530 aliqua
542 1445 605 1528 lex,
638 1467 704 1532 qua
731 1467 784 1512 res
807 1447 977 1533 proposita
1000 1467 1068 1512 non
1092 1447 1190 1532 plene
1215 1446 1431 1534 comprehen-

311 1552 408 1648 ditur,
433 1553 483 1618 ita
505 1553 700 1639 explicatur,
725 1558 764 1618 ut
787 1553 850 1619 sub
874 1574 949 1620 eam
973 1555 1073 1620 cadat
1096 1553 1334 1641 (συλλογισμός),
1359 1554 1430 1620 sive

310 1666 450 1746 uterque
497 1659 699 1743 litigantium
738 1661 855 1744 verba,
896 1659 936 1726 de
981 1661 1101 1746 quibus
1141 1661 1259 1744 agitur,
1299 1666 1433 1748 propter

310 1788 424 1833 eorum
448 1767 703 1850 ambiguitatem
727 1766 855 1833 diverse
876 1769 1115 1853 interpretatur
1134 1769 1345 1858 (ἀμφιβολία),
1364 1789 1432 1853 qua

309 1873 468 1960 imprimis
503 1874 708 1940 misticorum
743 1875 913 1959 captiones
949 1875 1113 1941 contineri
1148 1895 1245 1941 nemo
1281 1895 1349 1940 non
1379 1876 1431 1940 in-

310 1982 471 2064 tellegit.¹)
521 1980 645 2066 ltaque
681 2001 723 2046 ex
753 1981 802 2065 iis,
839 2003 924 2066 quae
959 1981 1059 2068 paulo
1092 1985 1171 2048 ante
1203 1983 1429 2069 exposuimus,

309 2089 429 2154 iterum
476 2087 763 2173 comprobavimus
809 2089 905 2154 initia
943 2088 1127 2155 rhetoricae
1167 2110 1242 2154 cum
1281 2089 1431 2156 doctrina

308 2195 469 2261 inferioris
505 2196 628 2260 aetatis
660 2200 738 2280 apte
770 2195 955 2262 cohaerere.
1003 2197 1073 2277 Quo
1105 2199 1139 2262 in
1171 2217 1291 2279 genere
1323 2197 1428 2262 oratio

309 2323 441 2388 quoque
465 2323 522 2388 pro
540 2301 719 2368 Palamede
743 2302 786 2368 ab
802 2301 897 2368 Ulixe
915 2303 1043 2389 patriae
1060 2302 1254 2390 proditionis
1271 2305 1428 2369 accusato

309 2412 425 2492 argute
441 2408 533 2494 ficta,
551 2430 636 2496 quae
649 2411 728 2497 quin
743 2408 883 2494 Gorgiae
900 2411 952 2495 sit,
970 2432 1038 2476 non
1051 2413 1113 2494 est,
1131 2432 1188 2476 cur
1200 2409 1428 2493 dubitemus,2l

309 2517 410 2600 digna
432 2538 506 2584 esse
524 2517 665 2599 videtur,
691 2516 851 2602 adquam
873 2518 1002 2584 animos
1019 2517 1245 2584 attendamus.
1281 2517 1326 2583 Ut
1341 2518 1430 2584 enim

224 2647 228 2653 ’
308 2625 342 2689 in
373 2623 524 2710 exemplo
555 2625 637 2690 artis
661 2624 771 2689 Tisiae
802 2646 824 2689 a
846 2624 987 2691 Platone
1020 2623 1141 2690 tradito
1174 2627 1216 2708 et,
1240 2625 1429 2711 potueritne

308 2752 384 2798 rcus
400 2731 531 2798 facinus
553 2731 679 2796 crimini
695 2730 811 2796 datum
828 2733 1034 2797 committere
1055 2731 1205 2818 (ἀσθενής
1220 2770 1265 2778 -
1280 2733 1428 2816 ἰσχυρός),

309 2841 352 2921 et,
377 2838 563 2903 volueritne
587 2836 701 2924 (δειλός
724 2877 767 2884 -
790 2838 961 2926 ἀνδρικός),
978 2839 1013 2904 in
1030 2839 1261 2926 quaestionem
1277 2841 1427 2916 vocatur,

309 2945 356 3011 sic
398 2945 434 3009 in
471 2943 528 3010 illa
566 2944 708 3030 primum
746 2945 994 3011 demonstratur
1031 2945 1246 3012 Palamedem
1284 2945 1429 3032 patriam

399 3160 416 3230 1)
436 3159 469 3214 V.
495 3159 613 3214 Aristot.
638 3159 719 3230 soph.
747 3160 780 3216 el.
806 3177 828 3214 c.
854 3161 917 3230 lp.
934 3160 983 3215 165
1008 3165 1038 3215 et
1062 3178 1086 3216 c.
1107 3160 1141 3215 19
1159 3177 1186 3230 p.
1199 3160 1257 3214 177.
1294 3159 1339 3213 Ad
1356 3159 1428 3214 tales

308 3249 434 3318 argutias
463 3249 491 3303 iu
518 3249 620 3303 iudicio
649 3249 820 3304 exercendas
847 3249 924 3318 leges
952 3250 1030 3320 ipsae
1054 3250 1269 3306 Atheniensium
1297 3250 1429 3320 ambigue

308 3338 427 3408 scriptae
453 3340 598 3408 tamquam
626 3355 711 3392 ansas
738 3338 853 3392 debent.
891 3340 951 3406 Qua
977 3339 1010 3392 de
1028 3355 1058 3393 re
1078 3356 1103 3393 v.
1123 3339 1240 3394 Aristot.
1256 3338 1348 3405 Ἀθην.
1367 3335 1427 3391 πολ.

308 3443 332 3482 c.
345 3425 408 3479 IX2
427 3443 453 3496 p.
470 3427 528 3490 128
538 3427 594 3480 BL:
614 3423 658 3478 διὰ
681 3426 711 3478 τὸ
730 3427 767 3494 μή
785 3426 937 3497 γεγράφθαι
953 3427 1010 3482 τοὺς
1023 3426 1116 3496 νόμους
1135 3426 1224 3484 ἁπλῶς
1241 3425 1308 3495 μηδὲ
1328 3431 1426 3495 σαφῶς,

307 3512 360 3566 ἀλλ’
384 3514 471 3585 ὥσπερ
490 3515 504 3567 δ
522 3520 583 3586 περὶ
596 3520 648 3568 τῶν
660 3513 762 3586 κλήρων
773 3521 818 3568 καὶ
831 3514 983 3586 ἐπικλήρων,
998 3515 1097 3585 ἀνάγκη
1109 3514 1208 3573 πολλὰς
1220 3516 1427 3586 ἀμφισβητήσεις

305 3605 449 3674 γίγνεσθαι,
474 3610 519 3658 καὶ
536 3604 626 3657 πάντα
644 3605 781 3675 βραβεύειν
798 3610 843 3658 καὶ
862 3606 895 3657 τὰ
913 3605 986 3657 κοινὰ
1007 3609 1052 3656 καὶ
1070 3605 1104 3657 τὰ
1124 3601 1180 3657 ίδια
1197 3605 1227 3658 τὸ
1248 3601 1425 3675 δικαστήριον.

308 3694 349 3748 Cf.
371 3695 445 3749 Plut.
466 3695 522 3749 Sol.
543 3713 565 3749 c.
589 3696 632 3748 18:
661 3697 777 3763 Λέγεται
803 3695 851 3763 (sc.
871 3692 971 3763 Σόλων)
991 3733 997 3747 .
1018 3735 1023 3746 .
1048 3694 1107 3750 τοὺς
1131 3694 1224 3762 νόμους
1246 3693 1426 3762 ἀσαφέστερον

305 3783 410 3854 γράψας
428 3788 473 3836 καὶ
490 3781 590 3840 πολλὰς
608 3781 758 3852 ἀντιλήψεις
768 3783 873 3849 ἔχοντας
891 3782 1001 3848 αιἰξήσαι
1020 3784 1067 3849 τήν
1085 3787 1138 3835 τῶν
1158 3779 1330 3854 δικαστηρίοιν
1343 3782 1424 3848 ἰσχύν·

306 3873 344 3939 μή
365 3869 522 3940 δυναμένους
545 3872 596 3942 γὰρ
620 3872 670 3924 ἱστδ
689 3877 741 3924 τῶν
759 3872 847 3941 νόμων
866 3869 1023 3939 διαλυθῆναι
1040 3877 1102 3943 περὶ
1121 3865 1157 3925 ὧν
1176 3869 1334 3943 διεφέροντο,
1355 3875 1424 3924 σννέ-

307 3966 390 4030 βαινιι
422 3960 462 4013 ἀεὶ
488 3959 593 4013 δεῖσθαι
618 3958 746 4014 δικαστῶν
770 3966 814 4013 καὶ
839 3965 895 4013 πᾶν
919 3961 991 4030 ἄγειν
1018 3961 1211 4031 ἀμφισβήτημα
1235 3961 1301 4031 πρὸς
1319 3959 1427 4016 ἐκείνους

306 4053 359 4102 τῶν
376 4049 465 4118 νόμων
483 4049 582 4120 τρόπον
600 4051 659 4101 τινὰ
678 4049 849 4121 κυριευοντατ.

396 4158 416 4226 2)
435 4156 466 4210 V.
486 4157 516 4211 Ε.
536 4158 639 4223 Messe,
666 4159 718 4212 Zur
738 4158 905 4214 Geschichte
931 4159 978 4213 der
997 4159 1189 4229 griechischen
1209 4160 1304 4213 Prosa.
1325 4159 1426 4227 (Herm.

307 4247 382 4310 XXll
400 4263 427 4315 p.
441 4245 493 4300 576
512 4246 589 4317 sqq.).
