3198 5054
739 447 786 474 —.
832 407 895 472 150
940 446 973 453 -

344 585 373 650 8.
400 585 471 669 167,
490 585 549 650 26;
573 589 593 669 ἡ
618 587 778 669 ἀντίληψις

344 692 372 759 9.
400 692 473 774 167,
490 691 549 758 281
574 695 593 776 ἡ
617 695 705 764 θέσις

284 891 285 895 ¹
346 799 394 864 10.
422 798 493 881 167,
512 798 570 863 30:
602 802 622 882 ἡ
654 801 782 883 ποιότης
805 825 833 863 κ.
920 887 922 891 .

298 909 318 990 ἡ
343 908 455 990 ννώμν

92 1031 160 1097 VII.
174 1031 289 1117 Seript.
346 1030 372 1096 1.
391 1030 463 1113 168,
482 1033 518 1098 7:
539 1029 737 1115 Ἡνιροβσλή
755 1033 834 1096 ἐστιν

105 1141 140 1203 et
155 1138 281 1205 volunt.
298 1139 375 1202 αὐτὸ
409 1139 444 1202 τὸ
482 1139 569 1220 παρὰ
604 1140 639 1202 τὸ
674 1141 834 1221 ἔγγραφον

299 1246 438 1328 γεγονός,
463 1246 531 1309 οἷον
554 1247 643 1318 ξένος
664 1247 693 1308 εἰ
706 1246 834 1309 ἀνέλθοι

299 1353 349 1416 ἐπὶ
370 1352 406 1415 τὸ
433 1359 542 1435 τεῖχος,
565 1353 716 1416 τεθνάτω.
739 1353 832 1416 πολέ-

297 1484 363 1542 μου
396 1461 485 1529 ὄντος
511 1460 656 1523 ἀνελθών
681 1484 730 1530 τις
764 1460 832 1542 ἠρί-

297 1591 404 1631 στευσε
423 1567 476 1630 καὶ
499 1567 648 1648 ὑπάγεται
663 1574 710 1648 τῷ
732 1567 832 1649 νόμῳ.

298 1676 317 1756 ἡ
332 1675 437 1738 τοίνυν
456 1673 610 1756 προβολή,
628 1674 673 1736 ὅτι
689 1674 832 1756 ἀνῆλθες.

343 2437 371 2502 2.
399 2436 537 2516 1681οῑ
554 2439 573 2520 ἦ
588 2439 710 2502 διάνοια
723 2439 831 2510 διττῶς

298 2547 468 2619 ἐξετάζεται
501 2552 557 2609 τοῦ
587 2570 619 2609 τε
651 2547 833 2628 νομοθέτου

297 2653 350 2716 καὶ
372 2659 428 2716 τοῦ
452 2653 647 2725 θπευθύνοο,

342 2761 374 2839 a)
397 2766 453 2823 τοῦ
476 2759 535 2842 μὲν
550 2761 739 2841 νομοθέτου,
763 2760 831 2823 οἷον

296 2867 372 2929 τιάτε
388 2867 468 2948 λέγει
483 2865 556 2936 τοὺς
572 2867 762 2937 ἀνελθόντας
777 2867 832 2930 καὶ

298 2973 347 3035 ἐπὶ
369 2974 425 3036 τίνι
448 2973 502 3036 καὶ
526 2973 575 3036 διά
599 2973 634 3047 τί,

341 3078 378 3164 b)
389 3086 446 3143 τοῦ
460 3081 494 3144 δὲ
506 3081 718 3163 ἀποκειμένου
731 3105 830 3164 προσ-

298 3188 390 3251 ώπου
418 3194 465 3269 τῷ
496 3189 592 3271 ῥητῷ,
624 3188 691 3252 οἷον
722 3190 782 3251 οὐκ
806 3190 835 3251 εἰ

298 3295 439 3377 ἀνῆλθον
474 3296 523 3359 δεῖ
554 3302 684 3359 σκοπεῖν
720 3296 831 3378 μόνον,

298 3400 375 3464 ἀλλὰ
390 3402 444 3464 καὶ
458 3403 538 3484 μηδ’
557 3400 595 3484 ἧς
615 3403 754 3485 γνώμης,
778 3403 832 3465 καὶ

298 3508 343 3571 ὅτι
365 3507 410 3590 μὴ
437 3509 574 3590 δυσνοίᾳ.

342 3989 371 4053 3.
405 3987 556 4072 168152
587 3990 622 4053 τδ
653 3990 698 4073 μὴ
730 4013 829 4072 προσ-

298 4097 474 4179 διωρίσθαι.

341 4219 370 4284 4.
392 4219 532 4301 168,17;
556 4223 576 4304 ἡ
594 4222 682 4304 ἑτέρα
699 4222 830 4285 διάνοια.

936 1030 962 1094 1.
976 1029 1051 1113 351,
1064 1028 1120 1094 24;
1137 1028 1334 1112 Peregrinus
1346 1050 1422 1095 mu-

887 1157 961 1201 rum
977 1157 1019 1202 ne
1037 1136 1206 1204 ascendat.
1237 1135 1321 1202 Belli
1337 1140 1422 1202 tern-

887 1263 975 1329 pore,
994 1263 1069 1307 cum
1083 1240 1198 1308 hostes
1210 1243 1278 1309 iam
1290 1263 1422 1308 murum

888 1349 1059 1415 ascensuri
1090 1349 1292 1432 viderentur,
1327 1371 1422 1436 pere·

888 1456 1001 1538 grinus
1018 1455 1170 1522 ascendit
1185 1456 1221 1522 in
1236 1477 1366 1521 murum
1387 1459 1423 1522 et

886 1563 1003 1630 hostes
1019 1564 1147 1629 reiecit:
1170 1563 1312 1629 victoria
1330 1562 1423 1628 iacta

886 1669 928 1736 fit
951 1691 1037 1754 raus,
1063 1669 1152 1756 quod
1176 1673 1292 1736 contra
1314 1670 1423 1753 legem

886 1776 1010 1842 fecerit.

930 1883 1116 1970 Propositic
1148 1883 1260 1969 scripti
1284 1886 1345 1967 est,
1378 1905 1422 1948 an

887 2011 961 2056 cum
970 1990 1025 2056 lex
1034 1991 1205 2077 peregrino
1214 1989 1422 2056 interdixerit

886 2119 928 2164 ne
941 2119 1073 2163 murum
1085 2097 1292 2180 ascenderet,
1301 2100 1421 2163 tenea·

885 2207 941 2270 tur
973 2226 1014 2270 ex
1044 2203 1127 2290 lege,
1161 2205 1240 2292 quia
1271 2203 1423 2270 ascendit

885 2312 921 2377 in
943 2332 1083 2377 murum.

930 2437 959 2501 2.
996 2436 1071 2519 351,
1090 2438 1145 2502 28;
1185 2437 1420 2524 Interpretatio

886 2543 1009 2630 scripti,
1042 2564 1087 2608 an
1118 2542 1201 2609 alies
1230 2545 1420 2630 peregrinos

885 2649 1061 2736 prohibeat
1078 2649 1258 2716 ascendere
1280 2653 1314 2716 et
1329 2652 1420 2737 pacis

886 2760 1035 2843 tempore
1081 2760 1176 2823 vetet
1229 2757 1418 2838 ascendere,

885 2864 976 2930 hunc
1009 2884 1079 2929 non
1112 2863 1328 2950 prohibuerit,
1363 2865 1420 2950 qui

886 2970 1084 3054 ascenderit,
1117 2973 1157 3036 ut
1180 2969 1310 3037 civitati
1341 2971 1419 3036 sub-

886 3079 1026 3162 veniret,
1075 3080 1108 3142 et
1147 3078 1334 3145 ascenderit
1380 3099 1418 3144 eo

886 3189 1044 3271 tempore,
1070 3206 1134 3270 quc
1158 3185 1227 3251 iam
1247 3185 1419 3251 civitatem

886 3290 993 3358 hostis
1035 3293 1185 3377 intraret,
1233 3291 1420 3358 ascenderit

886 3398 1038 3486 danique,
1063 3400 1102 3464 ut
1126 3421 1167 3464 ex
1188 3398 1418 3486 desperatione

866 3509 986 3572 tanta
1020 3526 1136 3592 pacem
1176 3509 1210 3571 et
1244 3505 1418 3572 victoriam

885 3612 1046 3678 redderet.

930 3757 959 3822 8.
976 3756 1094 3839 352,4:
1119 3809 1125 3822 .
1143 3807 1150 3821 .
1165 3755 1335 3836 voluntas
1353 3775 1418 3839 quo

886 3864 996 3928 animo
1021 3863 1143 3929 fecerit.
