3198 5054
751 384 996 450 ,104-

313 563 462 630 Stoicum
493 561 586 626 illum
614 581 682 627 non
706 566 889 648 propterea,
922 561 1010 648 quod
1034 563 1192 629 l'cmnius
1217 565 1433 649 quaestiones

312 668 516 758 philosophis
541 667 620 734 solis
649 669 886 734 convenientes
915 668 979 734 sibi
1009 670 1257 755 assumpsisset,
1288 671 1325 736 in
1357 693 1432 736 eum

311 779 484 846 invectum
507 797 591 857 esse,
617 773 675 842 sed
698 774 817 840 idcirco
842 779 986 858 tantum,
1017 775 1104 862 quod
1128 798 1171 842 ne
1194 776 1276 843 illud
1299 777 1434 864 quidem

312 906 417 969 genus
452 883 686 970 quaestionum
722 881 971 964 universalium,
1008 882 1096 968 quod
1131 905 1234 949 sensu
1267 885 1434 951 communi

313 993 397 1060 satis
432 993 503 1057 arte
538 991 745 1074 terminatur,
781 988 968 1055 rhetoribus
1004 988 1183 1056 concedere
1217 991 1253 1056 in
1284 993 1432 1058 animum

311 1098 503 1181 inducebat,
536 1118 578 1162 ex
608 1096 660 1161 his
690 1095 770 1162 locis
802 1095 966 1162 Ciceronis
1001 1096 1109 1180 colligi
1142 1101 1263 1184 potest,
1300 1100 1432 1185 quibus,

313 1225 516 1292 quamquam
537 1203 705 1269 Posidonii
728 1203 853 1268 mentio
877 1223 945 1270 non
968 1203 1019 1285 fit,
1044 1207 1159 1270 tamen
1183 1204 1240 1270 illa
1263 1207 1432 1272 eontentio

312 1311 584 1398 pbilosophorum
608 1313 644 1376 et
669 1309 840 1376 rhetorum
868 1310 954 1376 bene
978 1309 1172 1376 illustratur.
1218 1312 1267 1378 De
1292 1314 1373 1378 orat.
1390 1312 1433 1377 lll

314 1419 470 1502 28,110:
508 1417 692 1483 »hactenus
726 1417 828 1483 etiam
862 1417 926 1482 hac
960 1418 995 1484 in
1030 1417 1237 1484 instituendo
1269 1418 1433 1486 divisione

313 1531 368 1609 (sc.
387 1525 623 1611 quaestionum
647 1523 851 1606 generalium
875 1527 911 1590 et
926 1524 1128 1610 specialium,
1155 1546 1255 1610 quam
1271 1525 1434 1613 adhibent

264 1651 267 1659 ·
312 1633 526 1719 Peripatetici
554 1634 590 1696 et
616 1630 805 1696 Academici
830 1628 860 1718 [ξ
887 1629 972 1719 109])
1003 1635 1146 1697 utuntur
1181 1636 1235 1714 (se.
1262 1632 1432 1718 rhetores),

313 1739 374 1806 sed
395 1740 454 1823 ita,
478 1760 548 1804 non
570 1741 610 1803 ut
632 1737 703 1802 iure
728 1741 789 1804 aut
811 1736 930 1804 iudicio
955 1743 1016 1804 aut
1032 1738 1173 1824 denique
1190 1740 1225 1806 vi
1240 1761 1433 1826 recuperare

195 1909 198 1914 .
313 1848 472 1912 emissam
509 1845 764 1932 possessionem,
776 1847 798 1927 1)
834 1845 893 1910 sed
925 1849 963 1911 ut
998 1867 1040 1912 ex
1074 1846 1144 1911 iure
1180 1846 1267 1914 eivih
1302 1848 1432 1913 surculo

313 1951 529 2035 defringendo
553 1972 715 2036 usurpare
731 1951 918 2018 videantur.
952 1951 1039 2018 Nam
1062 1952 1143 2020 illud
1160 1953 1301 2020 alterum
1318 1975 1433 2040 genus,

314 2060 402 2146 quod
426 2063 479 2126 est
503 2057 715 2144 temporibus,
739 2057 829 2143 locis,
853 2059 918 2124 reis
943 2058 1129 2143 definitum,
1153 2060 1308 2127 obtinent
1331 2065 1433 2147 atque

311 2165 345 2232 id
373 2168 484 2254 ipsum
507 2165 651 2232 lacinia.
669 2215 675 2230 .
692 2216 698 2231 .
716 2216 721 2231 .
739 2164 891 2232 Alterum
914 2187 994 2232 vero
1018 2167 1252 2233 tantummodo
1276 2167 1434 2255 inprime

313 2277 386 2340 arte
409 2271 573 2340 tradenda
596 2273 773 2339 nominant
796 2276 831 2338 et
847 2273 987 2339 cratoris
1003 2295 1077 2340 esse
1094 2274 1224 2358 dicunt;
1248 2273 1307 2340 sed
1323 2296 1433 2361 neque

313 2381 382 2448 vim
397 2401 506 2466 neque
522 2383 680 2446 naturam
697 2381 768 2445 eius
784 2400 846 2446 nec
861 2384 973 2466 partes
990 2403 1052 2447 nec
1068 2402 1190 2464 genera
1205 2384 1432 2469 proponuntb

312 2491 351 2554 ut
389 2487 561 2574 praeteriri
599 2488 732 2553 omnino
771 2487 872 2553 luerit
910 2489 1017 2553 satius
1053 2509 1154 2574 quam
1192 2491 1432 2574 attemptatum

313 2595 447 2661 deseri«
496 2593 613 2660 lbid.l
647 2593 695 2676 19,
715 2594 775 2660 85:
825 2593 967 2660 »Omnes
997 2646 1033 2660 ..
1065 2599 1177 2680 partes
1210 2593 1297 2661 illius
1328 2596 1432 2682 ipsius

313 2701 510 2788 prudentiae
541 2706 594 2782 (sc.
615 2700 734 2782 civilis)
763 2701 927 2787 petendas
957 2723 1030 2768 esse
1055 2725 1076 2768 a
1099 2702 1310 2789 philosophia
1333 2702 1431 2768 doce-

314 2809 374 2875 bat
397 2811 454 2894 (sc.
472 2807 677 2874 Charmadas
702 2806 733 2896 [ξ
749 2807 822 2896 84])
844 2858 850 2873 .
868 2859 873 2874 .
891 2859 898 2875 .
916 2861 921 2875 .
939 2808 1063 2888 Quodsi
1088 2813 1221 2875 tantam
1237 2810 1303 2874 virn
1324 2831 1433 2876 rerum

314 2918 535 2982 maximarum
564 2918 635 2981 arte
660 2937 723 2981 sua
745 2914 900 2981 rhetorici
922 2915 969 2980 illi
998 2914 1150 2981 doctores
1175 2915 1432 3002 complecteren-

313 3027 377 3106 tur,
414 3023 608 3109 quaerebat,
645 3043 703 3088 cur
735 3022 775 3089 de
806 3023 983 3108 prooemiis
1015 3026 1049 3088 et
1080 3022 1120 3088 de
1152 3024 1288 3110 epilogis
1324 3028 1359 3089 et
1394 3023 1433 3090 de

312 3130 502 3197 huiusmodi
526 3130 623 3213 nugis
648 3130 706 3212 (sic
722 3131 809 3195 enim
826 3128 1029 3215 appellabat)
1053 3130 1166 3196 referti
1189 3133 1304 3196 essent
1320 3150 1433 3196 eorum

312 3237 396 3319 libri,
422 3238 461 3302 de
486 3238 678 3304 civitatibus
702 3237 928 3318 instituendis,
958 3236 998 3303 de
1022 3237 1203 3332 scribendis
1227 3237 1367 3321 legibus,
1393 3237 1432 3304 de

313 3343 494 3429 aequitate,
519 3343 559 3410 de
582 3346 719 3427 iustitia,
745 3344 784 3409 de
808 3345 882 3428 fide,
908 3343 948 3410 de
964 3343 1157 3428 frangendis
1182 3343 1431 3432 cupiditatibus,

403 3503 422 3571 ¹)
441 3503 508 3558 Ibid.
528 3503 647 3569 27‚107:
671 3505 728 3558 »De
747 3504 852 3558 virtute
872 3547 878 3560 .
899 3546 904 3559 .
926 3503 960 3558 de
986 3503 1091 3570 officio,
1117 3505 1151 3558 de
1177 3520 1267 3576 aequo
1293 3508 1323 3558 et
1349 3507 1431 3568 bono,

225 3583 232 3598 ⁸
312 3593 348 3648 de
368 3593 507 3662 dignitate
525 3592 657 3656 utilitate,
678 3594 785 3648 honore
803 3594 965 3663 ignominie,
985 3594 1109 3664 praemio
1130 3611 1222 3664 poena
1241 3593 1432 3666 similibusque

312 3683 347 3736 de
371 3684 455 3737 rebus
479 3683 561 3753 [quae
588 3682 700 3753 quidem
725 3683 775 3736 sub
801 3683 947 3737 notionem
967 3683 1054 3737 civilis
1075 3682 1249 3753 quaestionis
1268 3683 1432 3738 universalis

312 3772 424 3841 eadunt]
444 3772 473 3825 in
491 3775 641 3842 utramque
659 3774 769 3840 partem
789 3772 897 3826 dicendi
916 3772 1028 3841 copiose
1047 3775 1077 3825 et
1094 3773 1150 3826 vim
1170 3775 1201 3826 et
1218 3773 1308 3826 artem
1330 3772 1433 3827 habere

313 3861 454 3915 debemus.
493 3861 548 3915 Sed
575 3860 707 3931 quoniam
731 3859 765 3914 de
789 3864 887 3915 nostra
910 3860 1091 3931 possessione
1116 3861 1223 3931 depulsi
1247 3861 1383 3932 inparve
1404 3865 1433 3916 et

312 3965 347 4003 ec
366 3949 492 4018 litigioso
513 3949 654 4019 praediolo
678 3949 768 4004 relicti
786 3965 882 4008 sumus
901 3953 930 4004 et
948 3950 1066 4004 aliorum
1085 3949 1200 4021 patroni
1219 3953 1317 4004 nostra
1335 3953 1431 4004 tenere

309 4039 440 4110 tuerique
453 4055 510 4092 non
523 4039 672 4108 potuimus
687 4040 723 4093 ab
737 4039 784 4104 eiS,
799 4039 874 4112 quod
886 4039 1108 4108 indignissimum
1128 4042 1179 4104 est,
1199 4040 1247 4111 qui
1264 4039 1292 4092 in
1304 4045 1432 4094 nostrum

310 4128 513 4198 patrimonium
531 4127 697 4198 irruperunt,
719 4130 794 4200 quod
814 4145 884 4200 opus
905 4132 948 4183 est
966 4129 1055 4193 nobis,
1076 4131 1260 4183 mutuemur«

402 4217 422 4286 ²)
442 4217 483 4270 cf.
504 4216 568 4272 ibid.
588 4217 725 4284 1115,6e;
748 4218 787 4282 19,
798 4217 841 4273 78,
