3224 5044
621 410 845 476 ..49-

261 592 295 676 3)
323 591 485 674 Ποιότης,Ι
504 610 604 674 quam
636 609 694 674 per
726 586 923 670 accidentia,
954 587 988 652 id
1020 591 1073 652 est
1102 589 1182 652 κατὰ
1214 595 1293 671 σὐμ-

169 699 317 782 βεβηκός,
341 697 563 779 Hermagoras
595 694 780 760 secundum
812 693 1053 775 Quintilianum
1086 695 1143 780 (HI
1175 693 1206 777 6,
1237 694 1293 782 56)

169 805 313 870 vocavit.
347 803 441 884 Quod
465 803 546 888 quin
569 805 659 868 recte
682 801 844 868 traditum
867 803 921 882 sit,
946 805 1096 884 nonest,
1122 823 1180 866 cur
1196 800 1293 866 dubi-

169 916 289 996 temuS,
321 911 385 976 etsi
417 910 460 975 ab
487 909 678 992 Augustino
710 931 778 974 non
809 898 1094 975 commemoratur.
1140 909 1292 994 Namque

168 1019 271 1084 istam
285 1037 355 1083 rem
366 1016 590 1098 Hermagorae
605 1015 775 1082 doctrinae
789 1015 832 1082 ad
843 1015 1115 1102 philosophorum
1126 1015 1291 1081 rationem

170 1124 375 1198 constitutae
408 1144 541 1209 prorsus
574 1123 752 1189 convenire
784 1123 893 1209 quivis
924 1121 1024 1188 videt.
1075 1122 1124 1189 De
1155 1123 1292 1188 notione

173 1231 255 1298 artis
285 1230 442 1296 vocabuli
474 1231 678 1315 συμβεβηκὸς
706 1228 783 1295 vide
806 1229 943 1295 Aristot.
967 1231 1155 1315 metaphys,
1179 1229 1225 1294 lV
1249 1229 1291 1294 30

168 1359 200 1423 p.
227 1338 311 1403 1025
324 1359 354 1420 a,
382 1336 438 1410 14:
470 1339 677 1421 συμβεβηκὸς
708 1339 826 1420 λέγεται
857 1339 1033 1420 ὃὺνιάρχει
1062 1340 1122 1419 μέν
1152 1362 1208 1401 τινι
1238 1337 1292 1400 καὶ

169 1447 286 1528 ἀληθὲς
316 1448 419 1519 εἰπεῖν,
451 1447 489 1508 οὐ
519 1447 626 1527 μέντοι
656 1446 718 1509 οὔτ’
751 1447 786 1518 ἐξ
816 1446 956 1527 ἀνάγκης
983 1446 1044 1508 οὔτ’
1071 1445 1121 1508 ἐπὶ
1142 1445 1178 1508 τὸ
1201 1445 1291 1516 πολύ,

169 1553 237 1616 οἶον
268 1555 300 1616 εἴ
315 1577 360 1623 τις
390 1553 530 1634 ὀρύττων
561 1559 654 1634 φυτῷ
683 1553 808 1634 βόθρον
839 1551 911 1634 εὗρε
938 1530 1105 1635 θησαυρόν
1130 1601 1136 1614 .
1161 1601 1167 1614 .
1193 1601 1199 1614 .
1225 1549 1291 1633 (30)

168 1660 286 1740 λέγεται
317 1659 351 1723 δὲ
381 1660 435 1722 καὶ
464 1659 568 1728 άλλως
601 1659 813 1741 συμβεβηκός,
837 1659 905 1722 οἷον
928 1659 987 1722 ὅσα
1011 1660 1144 1742 ὑπάρχει
1167 1659 1291 1739 ἑκάστῳ

170 1768 251 1829 καθ’
271 1767 347 1830 αὑτὸ
362 1766 408 1848 μὴ
426 1767 459 1829 ἒν
482 1773 520 1848 τῇ
544 1767 635 1847 οὐσίᾳ
651 1767 734 1839 ὄντα,
751 1766 819 1829 οἷον
838 1771 885 1846 τῷ
899 1767 1045 1848 τριγώνῳ
1060 1765 1095 1829 τό
1112 1766 1172 1828 δύο
1188 1764 1291 1845 ὀρθὰς

168 1875 263 1954 ἔχειν·
287 1873 341 1935 καὶ
369 1879 465 1935 ταῦτα
495 1873 555 1954 μὲν
583 1873 738 1955 ἐνδέχεται
761 1871 844 1936 ἀΐδια
868 1871 953 1946 εἶναι,
977 1875 1106 1936 ἐκείνων
1131 1872 1165 1936 δὲ
1188 1873 1290 1936 οὐδέν.

168 1977 316 2058 Quarum
347 1978 532 2063 specierum
562 1977 654 2044 illam
685 1977 728 2042 ab
751 1976 958 2060 Hermagora
988 1980 1176 2063 spectatam
1205 1997 1288 2058 esse,

166 2084 256 2150 hanc
279 2085 437 2151 omissam
461 2107 503 2150 ex
527 2105 565 2150 eo
581 2084 679 2150 facile
703 2083 917 2170 intellegitur,
943 2084 1032 2170 quod
1055 2106 1106 2169 ea,
1131 2105 1217 2170 quae
1240 2083 1289 2148 rei

166 2213 225 2277 per
257 2213 293 2256 se
325 2192 389 2277 ipsi
420 2178 628 2274 contingunt,
656 2192 691 2255 in
716 2191 977 2257 controversiam
1000 2212 1069 2256 non
1093 2190 1227 2274 cadunt,
1253 2194 1292 2255 ut

167 2301 264 2364 extra
296 2298 495 2364 rhetoricam
531 2297 797 2384 disceptatricem
832 2281 932 2363 sint‘
963 2297 1143 2378 Qualitatis
1179 2298 1291 2363 distri-

166 2404 314 2470 butionis
346 2405 534 2486 ambiguae,
567 2404 607 2470 de
639 2427 706 2491 qua
733 2405 822 2470 infra
845 2404 1020 2470 dicendum
1044 2407 1115 2489 erit,
1141 2426 1182 2471 ea
1205 2427 1290 2491 pars,

166 2533 253 2596 quae
277 2514 330 2576 est
351 2514 422 2596 περὶ
445 2515 578 2596 αἱρετῶν
600 2515 654 2577 καὶ
678 2519 827 2597 φευκτῶν
858 2511 1041 2577 secundum
1071 2511 1157 2577 haec
1189 2511 1292 2577 verba

165 2617 355 2684 Aristotelis
388 2617 481 2700 (rhet.
512 2621 542 2684 A
573 2620 593 2684 5
624 2641 654 2705 p.
688 2619 774 2685 1360
786 2619 817 2704 b,
849 2619 901 2705 4):
933 2620 1047 2702 σχεδὸν
1072 2670 1077 2682 .
1104 2669 1109 2683 .
1141 2621 1195 2684 καὶ
1226 2620 1288 2700 ι’όίᾳ

165 2728 289 2808 ἑκάστῳ
312 2727 479 2809 καὶκοινῇ
502 2733 578 2790 πᾶσι
602 2729 722 2798 σκοπός
744 2729 791 2799 τίς
814 2729 901 2800 ἐστιν,
926 2725 965 2790 οὗ
989 2727 1215 2809 στοχαζόμενοι
1237 2725 1291 2788 καὶ

164 2835 326 2914 αἳροῦνιαι
353 2834 407 2897 καὶ
430 2835 609 2916 φεύγουσιν.
633 2833 724 2899 facta
747 2853 822 2898 esse
845 2831 986 2898 videtur.
1021 2830 1115 2896 Adde
1139 2834 1206 2917 top.
1231 2830 1246 2896 Ι
1269 2833 1289 2896 ὅ

164 2961 195 3024 p.
227 2938 289 3003 102
301 2939 333 3020 b,
369 2939 424 3003 14:
457 2941 723 3022 προσκείσβωσαν
759 2941 793 3004 δὲ
828 2949 874 3022 τῳ
906 2941 1120 3022 συμβεβηκότι
1158 2940 1212 3003 καὶ
1255 2941 1288 3002 αῖ

161 3046 245 3128 πρὸς
276 3047 392 3129 ἄλληλα
430 3048 618 3128 συγκρίσεις,
663 3049 814 3110 ὁπωσοῦν
854 3047 918 3110 ἀπὸ
956 3054 1011 3110 τοῦ
1052 3048 1292 3131 συμβεβηκότος

164 3154 337 3236 λεγόμεναι,
362 3154 430 3217 οἷον
451 3153 643 3236 πότεροντὸ
666 3154 765 3218 καλὸν
789 3157 808 3236 ἢ
831 3154 867 3216 τὸ
896 3156 1062 3237 συμφέρον
1085 3155 1290 3237 αἱρετώτερον

166 3311 173 3323 .
209 3310 215 3323 .
248 3311 254 3322 .
283 3258 409 3338 Quibus
453 3262 567 3325 autem
607 3259 745 3342 singulis
780 3261 966 3345 praeceptis
1000 3259 1221 3342 Hermagoras
1255 3258 1289 3322 in

163 3366 229 3430 hac
251 3386 287 3431 re
320 3387 402 3431 usus
435 3366 495 3448 sit,
528 3365 747 3432 demonstrari
777 3367 903 3452 nequit.
935 3366 1033 3432 Porro
1067 3364 1156 3452 quod
1179 3364 1290 3446 Stagi-

164 3473 231 3538 rita
278 3472 363 3538 haec
408 3472 521 3539 docuit
576 3472 670 3558 (rhet.
700 3474 732 3538 A
763 3473 782 3538 3
815 3495 845 3559 p.
882 3474 967 3538 1358
992 3473 1023 3554 b,
1063 3474 1110 3554 3):
1155 3475 1287 3556 (ἀνάγκη

165 3579 255 3666 εἶναι)
282 3581 391 3663 κριτὴν
417 3631 422 3644 .
448 3632 454 3644 .
479 3585 497 3664 ἢ
525 3587 590 3645 τῶν
618 3584 835 3664 γεγενημένων
859 3585 878 3664 ἢ
902 3587 966 3644 τῶν
995 3582 1290 3663 pertenentem

166 3688 195 3750 δ’
223 3687 241 3749 ό
261 3688 321 3769 μὲν
343 3689 415 3770 περὶ
436 3694 500 3751 τῶν
522 3689 701 3770 μελλόντων
724 3690 843 3770 κρίνων
867 3689 933 3752 οἷον
957 3688 1188 3770 ἐκκλησιαστής,
1213 3688 1231 3749 ὁ
1255 3687 1290 3749 δὲ

164 3795 236 3875 περὶ
265 3799 330 3857 τῶν
361 3797 578 3878 γεγενημένων
608 3796 676 3858 οἷον
707 3796 725 3858 ὁ
753 3796 909 3877 δικαστής,
948 3791 1200 3874 Hermogenem,
1234 3791 1290 3876 qui

163 3899 254 3966 hanc
285 3899 467 3985 simplicem
494 3901 707 3986 partitionem
732 3900 775 3966 ad
799 3903 926 3965 statum
951 3898 1123 3985 qualitatis
1146 3897 1296 3963 relatam¹

163 4005 340 4092 praebet‚¹l
364 4005 624 4089 Hermagoream
655 4006 842 4080 tradidisse,
876 4025 1080 4092 quamquam
1112 4003 1222 4070 Cicero
1255 4007 1289 4068 et

256 4151 275 4216 1)
296 4149 341 4218 Sp.
355 4148 380 4201 II
394 4148 453 4212 139,
464 4149 494 4202 8:
522 4147 541 4216 (λ
564 4145 653 4217 λογικὴ
670 4147 785 4214 ποιότης,
805 4147 822 4212 ἢ
842 4189 847 4200 .
868 4187 874 4200 .
893 4151 954 4218 περὶ
971 4143 1111 4214 μέλλοντος
1127 4145 1283 4218 πράγματος

161 4237 217 4303 ἔχει
238 4236 287 4301 τὴν
314 4235 421 4302 ζήτησιν
445 4235 461 4302 ἢ
484 4237 548 4308 περί
570 4257 639 4292 τινος
663 4233 713 4302 λ’ὃη
736 4236 882 4306 γεγονότος,
914 4235 964 4287 κᾶν
987 4235 1036 4304 μὲν
1058 4239 1120 4306 περὶ
1138 4232 1286 4303 μέλλοντος,

219 4331 340 4376 Jaeneke.
1096 4325 1114 4378 4
