3198 5054
601 437 847 502 -119-

163 618 229 680 οἵδε
251 617 311 699 μὲν
335 615 392 680 οὖν
416 616 603 699 φιλοσόφοις
635 617 839 699 ἁρμόζοοσιν,
870 618 904 680 έν
928 618 962 680 δὲ
992 623 1057 687 ταῖς
1085 617 1191 687 ἄλλοις
1213 615 1287 687 τοὺς

163 725 299 807 ῥήτορας
337 725 539 806 γυμναστέον.
601 721 665 787 Sed
704 721 739 787 in
779 721 1022 804 distinguendis
1060 721 1213 788 thesibus
1252 724 1287 787 et

162 828 414 915 hypothesibus,
448 850 533 914 quas
564 828 698 915 quidem
729 829 765 893 in
796 832 949 895 statuum
980 831 1131 895 tractatu
1162 828 1284 912 omisit,

163 935 388 1020 Hermogenes
404 935 628 1020 Hermagorae
645 937 856 1019 sententiam,
881 957 898 1001 e
923 958 990 1022 qua
1014 936 1286 1003 circumstantiae

160 1047 273 1130 partes
313 1043 553 1113 universalium
589 1064 720 1129 quoque
759 1044 996 1128 quaestionum
1034 1064 1107 1108 esse
1147 1043 1285 1109 demon-

162 1150 353 1232 stravimus
370 1171 445 1216 oum
462 1149 608 1237 quadam
625 1148 744 1224 aliena,
768 1149 952 1215 seeundum
969 1171 1070 1236 quam
1087 1150 1134 1215 eis
1151 1149 1284 1235 desunt,

162 1255 320 1323 confudit.
365 1255 518 1342 Namque
542 1256 614 1322 loco
644 1258 793 1342 proxime
825 1255 928 1323 eilato
962 1260 1143 1344 postquam
1173 1255 1286 1324 thesin

163 1363 433 1430 circumstantiae
464 1363 659 1449 participem
690 1384 764 1429 esse
795 1363 848 1429 his
878 1364 990 1429 verbis
1023 1361 1136 1430 docuit
1167 1362 1285 1450 (l.12):

161 1473 243 1535 ἔοικε
266 1525 273 1538 .
298 1521 305 1535 .
328 1473 347 1555 ἡ
372 1474 460 1542 θέσις
485 1522 490 1534 .
515 1525 522 1538 .
547 1522 553 1534 .
578 1473 688 1542 ἁπλῶς
719 1477 838 1542 κοινῶς
867 1473 949 1554 πρὸς
980 1473 1085 1536 ὁτιοῦν
1115 1474 1181 1535 κατ’
1207 1473 1284 1536 ἀνα-

131 1579 321 1661 θεώρησιν
358 1580 470 1661 μένων
507 1585 581 1642 τῶν
618 1579 841 1660 προσόντων
878 1585 929 1661 τῷ
967 1577 1190 1666 πράγματι1)
1228 1579 1286 1662 τὴν

162 1685 305 1759 διέξοδον
339 1687 556 1768 λαμβάνουσα,
595 1684 630 1749 in
665 1685 729 1750 hoc
767 1684 943 1750 enuntiato
979 1705 1094 1750 secum
1128 1683 1285 1750 dissentit

160 1791 272 1856 verbis
302 1794 356 1856 καὶ
389 1795 566 1876 περίστασίν
596 1817 662 1857 τινα
698 1790 821 1858 additis
852 1791 883 1874 (l.
904 1791 973 1879 23):
1010 1793 1074 1856 ἐὰν
1107 1793 1285 1875 πρόσωπον

163 1899 339 1981 ὡρισμένον
369 1901 548 1982 λάβωμεν
578 1901 632 1963 καὶ
662 1902 880 1982 περίστασίν
910 1923 990 1963 τινα
1028 1899 1082 1963 καὶ
1113 1900 1197 1963 οὕτω
1227 1899 1285 1982 τὴν

163 2007 304 2080 διέξοδον
326 2011 391 2069 τῶν
413 2008 519 2089 λόγων
541 2008 722 2090 ποιώμεθα,
751 2008 794 2070 οὐ
818 2008 924 2077 θέσις
947 2009 1062 2080 ἔσται,
1086 2007 1164 2070 ἀλλ’
1190 2007 1283 2070 ὑπό-

161 2114 278 2186 θεσις,
309 2111 374 2177 nisi
404 2111 490 2178 forte
514 2116 691 2196 περίστασίν
712 2138 779 2178 τινα
803 2133 1020 2199 personarum
1048 2110 1283 2178 tantummodo

162 2218 326 2284 attributa
349 2219 396 2297 (τὰ
420 2227 466 2302 τῷ
488 2223 656 2303 προσώπῳ
672 2223 993 2304 παρακολουθοῦντα)
1001 2221 1025 2305 ⁹)
1048 2219 1282 2304 intellegimus

161 2346 246 2411 quae
269 2326 496 2409 Hermogenes
519 2327 554 2390 in
578 2326 833 2412 quaestionibus
861 2326 1004 2392 infinitis
1027 2326 1145 2413 respici
1168 2330 1285 2392 contra

161 2431 384 2516 Hermagorae
408 2433 643 2500 auctoritatem
667 2453 735 2498 non
750 2433 827 2499 vult
849 2431 881 2519 (l.
897 2434 957 2516 18).
997 2433 1105 2513 Quam
1129 2433 1284 2500 sibinen

162 2539 349 2605 constiterit
371 2540 609 2623 Hermogenes
642 2561 683 2604 ex
713 2560 753 2606 eo
785 2560 917 2626 quoque
950 2540 1067 2622 elucet,
1101 2539 1190 2625 quod
1213 2540 1281 2606 tale

162 2646 365 2732 exemplum:
389 2650 418 2712 εἰ
429 2649 552 2731 βασιλεῖ
564 2651 722 2731 γαμητέον
736 2647 779 2733 (p.
799 2647 848 2730 18,
861 2648 895 2732 43
917 2648 954 2713 cf.
971 2668 1001 2733 p.
1020 2647 1070 2732 17,
1087 2647 1140 2713 19:
1155 2649 1281 2732 τοιαύτη

160 2757 348 2838 κεχρημένῳ
371 2753 461 2840 τύχη)
494 2754 530 2818 in
552 2754 706 2820 thesibus
728 2756 848 2839 posuit.
894 2753 1010 2840 Neque
1035 2760 1150 2820 autem
1173 2754 1282 2819 ambi-

161 2880 223 2942 gue
247 2860 336 2926 siout
358 2859 411 2925 hic
427 2862 462 2925 in
478 2863 631 2926 statuum
648 2864 797 2926 tractatu
816 2863 996 2946 utrumque
1013 2882 1119 2944 genus
1136 2859 1283 2926 civilium

161 2967 396 3051 quaestionum
420 2966 692 3032 circumstantiae
708 2968 874 3055 particeps
900 2989 973 3033 esse
994 2968 1081 3050 fecit,
1107 2988 1183 3032 cum
1197 2968 1283 3034 haec

159 3072 296 3140 tradidit
330 3074 374 3160 (p.
398 3074 470 3160 133,
488 3075 556 3160 21):
592 3076 647 3158 τὴν
683 3076 717 3140 δὲ
752 3078 984 3159 ἀμφισβήτησιν
1018 3077 1132 3158 ταύτην
1167 3077 1223 3157 (sc.
1246 3075 1281 3139 τὸ
1384 3163 1387 3168 .

158 3182 316 3245 sicherado
350 3182 486 3268 ζήτημα)
521 3184 643 3265 ἀνάγκη
682 3185 757 3266 περί
791 3208 823 3246 τε
860 3183 1020 3265 πρόσωπα
1055 3183 1194 3265 γίνεσθαι
1228 3184 1282 3246 καὶ

159 3291 336 3371 πράγματα,
368 3288 415 3353 ὧν
438 3291 561 3372 πλείστη
595 3291 699 3373 δήπου
724 3289 900 3373 ὄιαφοράθ)
946 3287 1042 3368 Quod
1072 3307 1216 3374 persona
1247 3292 1282 3354 et

158 3414 210 3458 res
235 3394 275 3459 de
300 3395 383 3460 serie
413 3395 684 3460 circumstantiae
708 3397 855 3481 partium
887 3396 1063 3481 exemptae
1096 3398 1186 3478 sunt,
1217 3395 1282 3461 hoc

248 3554 266 3623 ¹)
287 3554 380 3621 Quint.
394 3554 418 3606 V
432 3554 473 3620 10,
485 3554 533 3609 32:
561 3555 607 3608 »In
632 3556 762 3610 omnibus
782 3598 787 3610 .
809 3597 828 3619 .,
859 3572 932 3627 quae
953 3555 1036 3620 fiunt,
1061 3555 1205 3626 quaeritur
1230 3559 1282 3610 aut

159 3641 269 3709 Quare?
289 3647 340 3698 aut
358 3643 432 3697 Ubi?
452 3646 503 3697 aut
522 3644 661 3710 Quando?
687 3647 738 3698 aut
763 3645 932 3711 Quomodo?
956 3647 1007 3698 aut
1031 3644 1085 3698 Per
1109 3644 1281 3715 quaefacta

157 3732 259 3786 sunit«
298 3732 339 3786 Oi.
359 3733 414 3787 Cic.
435 3732 470 3786 de
488 3733 543 3787 inv.
563 3732 630 3797 126,
640 3732 675 3786 37
683 3749 744 3803 sqq.

246 3820 267 3889 ²)
288 3820 379 3875 Herm.
399 3822 446 3891 Sp.
459 3822 483 3875 II
499 3821 556 3886 144,
567 3820 615 3876 30:
634 3823 713 3890 γένος,
728 3820 822 3890 ἀγωγέ,
842 3818 982 3882 παίδευσις,
996 3819 1092 3886 ἡλικία,
1107 3820 1181 3889 piore
1198 3821 1280 3890 ψυχης
1393 3895 1395 3900 Ι

155 3913 200 3960 καὶ
219 3907 346 3977 σώματος,
367 3906 569 3978 ἐπιτηδεύματα,
588 3909 704 3981 πράξεις,
725 3908 739 3961 ὃ
758 3914 803 3961 καὶ
823 3908 992 3981 ἰσχυρότατον
1003 3907 1156 3978 κεφάλαιον,
1167 3909 1236 3976 τύχη.
1251 3950 1278 3964 ..

157 3999 197 4053 Cf.
212 4000 266 4053 Cic.
282 3999 317 4054 de
329 4000 385 4053 inv.
399 4000 463 4064 124,
474 3999 523 4067 34;
538 3999 631 4067 Quint.
648 4000 670 4053 V
682 4000 724 4065 10,
735 3999 784 4065 23;
798 4000 905 4054 Theon.
918 4015 1064 4070 progymn.
1078 3999 1125 4070 Sp.
1138 3999 1278 4066 1178,24;

156 4089 277 4157 August.
296 4105 323 4159 p.
338 4088 397 4156 141,
408 4088 451 4144 26.

243 4178 262 4246 ³)
282 4178 324 4232 ef.
344 4178 438 4246 Quint.
458 4179 495 4232 III
508 4179 533 4243 5,
544 4180 569 4243 7,
589 4178 641 4232 nisi
662 4179 737 4250 quod
756 4179 811 4233 hoc
824 4179 886 4233 loco
900 4179 935 4232 de
948 4177 1153 4249 hypothesibus
1165 4181 1277 4232 tantum

156 4266 306 4336 cogitatur.
