3224 5044
637 461 682 472 ...
728 424 768 491 61
816 463 860 473 -

187 597 341 688 partium
364 600 561 667 referantur.
579 623 582 628 ·
608 601 699 668 Stob.
716 603 808 668 anth.
825 602 900 668 v.H
923 624 953 688 p.
970 602 1023 685 76,
1036 603 1080 668 22
1092 602 1158 669 W.:
1189 605 1313 686 λέγουσι
1385 565 1395 586 ⁰

187 709 244 794 (so.
261 713 292 774 oi
305 710 455 790 Στωϊκοὶ)
471 711 558 780 τέλος
572 710 608 773 τὸ
628 713 759 794 ἔσχατον
774 717 839 774 τῶν
862 712 1011 793 ὀρεκτῶν.
1035 712 1082 793 ἐφ’
1109 713 1127 775 ὃ
1150 711 1252 774 πάντα
1274 711 1312 774 τὰ

187 818 265 880 ἄλλα
289 817 512 899 ἀναφέρεσθαι.
549 814 686 896 (Philod.
702 816 786 882 rhet.
803 816 832 882 ll
849 816 922 899 105,
937 815 973 882 ὅτ
998 820 1078 882 ἔστιν
1095 841 1122 880 τι
1137 819 1232 891 τέλος,
1256 819 1309 900 ἐφ’

187 927 206 987 δ
229 923 391 987 πάντατὰ
413 926 496 1007 μέρη
521 925 678 988 συννεύειν
702 924 839 1008 ὀφείλει.)
878 923 983 1003 Quem
1005 943 1207 988 consensum
1230 943 1311 989 casu

186 1028 316 1094 iactum
361 1049 435 1094 esse
474 1049 572 1094 nemo
612 1028 834 1110 contenderit,
875 1029 1034 1116 quoniam
1072 1029 1311 1112 Hermagoram

188 1134 372 1201 Stoicorum
407 1135 558 1218 vestigiis
595 1135 760 1202 institisse
800 1137 969 1218 cognitum
1003 1135 1169 1202 habemus
1208 1139 1311 1222 atque

187 1243 316 1308 statum
332 1241 386 1308 illo
410 1240 508 1307 modo
533 1242 737 1328 explicatum
752 1244 858 1309 totius
883 1244 1054 1325 orationis
1079 1242 1244 1330 siquidem
1268 1241 1311 1308 ad

187 1369 325 1415 causam
339 1347 546 1434 probandam
570 1352 710 1434 spectat,
735 1350 839 1416 finem
855 1349 931 1415 duci
946 1352 1051 1435 patet.
1086 1349 1159 1414 Hac
1181 1351 1311 1416 ratione

188 1475 262 1520 cum
285 1476 408 1535 munus
433 1455 549 1521 orandi
573 1477 641 1521 non
658 1455 798 1523 discedit
820 1458 855 1521 in
879 1456 944 1521 tria
960 1456 1018 1521 illa
1041 1477 1165 1539 genera
1188 1477 1310 1522 oausa-

186 1583 268 1644 rum‚
292 1561 409 1627 sedin
433 1582 502 1627 una
523 1583 559 1627 re
583 1561 680 1648 quasi
702 1564 736 1628 in
761 1563 894 1629 cardine
917 1565 1069 1647 vertitur,
1095 1583 1211 1628 eorum
1233 1583 1310 1627 sen-

187 1669 315 1734 tentiae
340 1671 529 1751 occurritur,
556 1671 621 1755 qui,
647 1668 734 1755 quod
756 1670 890 1752 singula
913 1690 1036 1753 genera
1051 1669 1199 1756 proprios
1222 1669 1309 1735 fines

185 1775 322 1860 habent,
347 1775 453 1842 ullum
475 1775 580 1841 finem
603 1777 708 1842 totius
731 1777 914 1843 rhetoricae
939 1797 1012 1842 esse
1036 1776 1197 1863 negant.¹)

275 1901 319 1967 Ut
334 1901 557 1984 Hermagoras
579 1905 711 1988 practer
728 1902 943 1988 quaestiones
963 1901 1169 1990 (rhetoricas)
1186 1902 1308 1968 diiudi-

187 2008 312 2074 candas
336 2008 438 2073 etiam
461 2008 556 2091 taleS,
581 2007 698 2095 quales
715 2009 894 2095 disceptari
917 2013 1099 2096 nequeunt,
1123 2009 1307 2094 protulerit,

186 2116 324 2199 argutiis
359 2114 560 2200 quibusdam
595 2115 787 2182 dialecticae
819 2115 1006 2183 Stoicorum
1042 2115 1203 2182 effectum
1233 2137 1308 2182 esse

184 2220 324 2287 videtur.
378 2222 404 2286 li
437 2222 526 2288 enim
556 2224 672 2306 λόγους
708 2222 1005 2310 (ratiocinationes)
1037 2224 1244 2295 σοναιιτιιιοὺς
1275 2225 1309 2288 et

186 2331 381 2400 ἀσυνάκτονς
404 2328 670 2415 ἁίελίιαιοειιηλβ)
695 2352 796 2415 quam
820 2329 1071 2396 similitudinem
1087 2329 1201 2396 Thiele
1226 2351 1308 2416 quo-

185 2456 248 2520 que
265 2435 396 2520 vidit;⁸)
412 2435 557 2502 fortasse
574 2437 676 2502 etiam
693 2437 777 2503 haec
794 2436 982 2523 explicatio,
1000 2458 1102 2523 quam
1117 2437 1309 2502 Alexander

184 2542 453 2628 Aphrodisiensis
485 2545 520 2608 in
553 2544 789 2609 commentario
821 2546 856 2609 in
879 2543 1016 2609 Aristot.
1038 2547 1104 2629 top.
1122 2544 1307 2628 conscripto

184 2648 322 2715 tradidit
356 2671 508 2737 quaeque
546 2650 581 2715 in
615 2649 839 2734 Hermagorae
874 2650 1083 2736 problemata
1120 2671 1188 2716 non
1228 2670 1306 2715 con-

185 2757 341 2822 sistentia
364 2755 462 2839 oadit,
488 2756 673 2822 Stoicorum
699 2761 751 2823 est
774 2757 817 2844 (p.
834 2756 1067 2844 84‚8Wa11.):
1091 2759 1246 2822 ἀσύστατα
1271 2803 1277 2823 .
1300 2809 1306 2820 .

183 2863 220 2926 τὰ
242 2865 299 2947 τὴν
322 2866 364 2935 εἷς
387 2865 422 2928 τὸ
446 2867 551 2946 ἕτερον
573 2872 638 2929 τῶν
662 2867 883 2948 ἀνακειμένων
900 2868 1087 2948 ἐπιχείρησιν
1107 2867 1307 2949 ἀφῃρημένα.

184 2969 284 3035 Porro
308 2969 459 3053 singulae
475 2972 602 3057 speeies
619 2970 780 3036 eiusmodi
796 2971 1021 3054 materiarum,
1047 2992 1131 3056 quas
1147 2970 1306 3036 Temnius

184 3075 348 3160 discrevit,
373 3098 578 3143 cumeorum
595 3076 811 3163 sophismatis
833 3077 1053 3143 conferendae
1068 3079 1174 3143 sunt:
1199 3077 1307 3142 altera

183 3187 252 3248 κατ’
279 3187 402 3268 ἰσότητα
425 3195 472 3268 τῷ
499 3185 641 3270 πρίονιβ)
672 3188 794 3270 quarta
824 3188 892 3249 κατ’
919 3187 1043 3267 ἄπορον
1073 3193 1118 3267 τῷ
1152 3186 1305 3266 ἀντιστρέ-

182 3293 307 3374 φονιιλ)
369 3291 502 3356 Tertiae
540 3312 663 3356 nomen
700 3299 917 3375 μονομεροῦς,
963 3311 1028 3376 quo
1067 3289 1304 3372 Hermogenes,

182 3396 456 3482 FortunatianuS,
482 3396 570 3483 Sulp.
587 3397 702 3463 Victor
724 3419 782 3484 pro
811 3401 891 3463 καθ’
917 3401 1117 3481 ἑτερομερίαν
1140 3397 1193 3462 usi
1217 3400 1305 3479 sunt,

182 3505 217 3569 in
240 3504 415 3592 Chrysippi
437 3505 602 3570 rhetorica
624 3505 801 3570 inventum
825 3507 912 3592 esu)
992 3545 1009 3574 η

273 3719 291 3787 1)
311 3720 343 3774 V.
363 3736 389 3790 p.
403 3719 438 3774 56
457 3720 522 3774 adn.
543 3720 556 3773 1
577 3736 676 3774 comm.
696 3735 732 3772 m.

273 3809 291 3876 9)
310 3809 410 3862 Prautl
429 3809 446 3862 l.
466 3809 511 3863 all.
531 3825 558 3879 p.
571 3809 633 3864 471.

271 3899 290 3966 ⁸)
311 3898 440 3967 Hermag.
460 3914 487 3968 p.
497 3898 541 3952 62.

270 3987 291 4056 4)
311 3987 387 4041 Fort.
408 4005 433 4057 p.
446 3987 490 4050 82,
498 3986 542 4040 22.

270 4077 290 4145 ⁵)
309 4076 408 4130 Prantl
425 4076 443 4130 l.
463 4076 508 4131 all.
528 4093 554 4146 p.
568 4075 629 4130 493.

271 4165 290 4228 ο,λ
310 4166 390 4220 Corn.
411 4168 463 4219 art.
482 4165 554 4220 rhet.
574 4166 639 4235 epit.
658 4182 684 4234 p.
703 4164 746 4229 41,
758 4164 792 4218 13
812 4164 857 4219 Gr.
902 4163 944 4218 Cf.
962 4164 1063 4218 Prantl
1081 4163 1098 4218 l.
1118 4163 1164 4217 all.
1187 4179 1214 4232 p.
1233 4160 1301 4228 477;

182 4253 268 4309 Strill.
287 4253 304 4309 l.
324 4254 370 4309 all.
389 4270 417 4324 p.
430 4254 473 4309 41.
