3224 5044
641 435 842 502 ..9.-

225 1254 298 1337 140,
323 1255 361 1320 8;
390 1257 611 1338 μεταστάσεως
642 1306 648 1320 .
674 1306 680 1320 .
706 1306 712 1319 .

177 1363 377 1446 παράδειγμα
408 1363 426 1426 ὁ
449 1365 652 1446 πρεσβευτής,
676 1366 713 1428 ὃν

178 1473 252 1534 εἴσω
282 1472 449 1554 τριάκοντα
479 1473 611 1553 ἡμερῶν
640 1471 713 1535 όέον

178 1579 288 1651 ἐξιέναι
310 1576 446 1661 λαβόντα
469 1578 557 1661 παρὰ
580 1584 636 1642 τοῦ
658 1602 712 1641 τα-

178 1686 253 1767 μίου
277 1685 375 1767 χιλίας
399 1685 546 1768 δραχμὰς
569 1687 611 1756 εἰς
635 1685 711 1768 ἐφό-

178 1791 254 1865 ὅιον,
277 1791 322 1874 μὴ
339 1792 448 1875 λαβὼν
471 1793 525 1855 καὶ
547 1792 597 1856 διὰ
620 1799 712 1857 τοῦτο

176 1899 221 1980 μὴ
253 1898 402 1972 ἐξελθών,
430 1897 492 1963 εἶτα
516 1899 711 1982 κρινόμενος.

222 2128 296 2212 140,
322 2128 381 2194 30:
405 2132 495 2203 ξένος
522 2131 572 2194 ἐπὶ
594 2130 629 2194 τὸ
652 2137 710 2195 τεῖ-

176 2260 233 2319 χος
264 2238 293 2300 εἰ
320 2237 457 2310 ἀνόλθοι,
476 2239 628 2301 τεθνάτω·
651 2261 710 2301 πο-

175 2344 314 2426 λιορκίας
352 2345 451 2427 οὔσης
488 2345 635 2408 ἀνελθών
668 2369 712 2417 τις

176 2452 335 2534 ἠρίστευσε
380 2451 434 2514 καὶ
479 2453 629 2534 ὑπάγεται
665 2460 713 2535 τῷ

176 2557 277 2640 νόμῳ.

221 2662 267 2729 Of.
293 2662 367 2746 168,
385 2664 414 2730 8.

201 3215 294 3300 ’141,
318 3217 356 3282 4;
379 3218 434 3282 τὸν
458 3219 492 3291 ἐξ
519 3219 642 3301 ἑταίρας
663 3219 709 3301 μὴ

173 3324 280 3406 λέγειν,
297 3326 332 3389 ἐκ
348 3325 470 3408 πόρνου
482 3325 549 3390 τινα
562 3326 711 3408 γεγονότα

174 3431 272 3513 λέγειν
295 3433 412 3496 κωλύει
434 3457 486 3503 τις.

221 3768 294 3850 141,
314 3769 370 3836 ll:
388 3772 406 3834 ὁ
422 3772 646 3854 ἀποκήροκτος
665 3772 710 3854 μὴ

172 3879 327 3960 μετεχέτω
361 3884 426 3942 τῶν
456 3877 625 3961 πατρῴων,
660 3879 714 3942 καὶ
767 3876 823 3943 lex
846 3879 899 3961 sit,
925 3899 1011 3964 quae
1027 3876 1145 3942 iubeat
1161 3896 1228 3959 ece,
1246 3877 1303 3962 qui

176 3984 195 4046 ὁ
225 3985 384 4068 ἐπιμείνας
417 3987 631 4069 χειμαζομένῃ
663 3986 718 4069 νηῒ
767 3987 901 4071 propter
924 3986 1164 4071 tempestatem
1179 4003 1302 4049 navem

767 4091 970 4178 reliquerint,
1008 4091 1120 4158 omnia
1153 4091 1300 4177 perdere,

176 4090 329 4174 δεσπότης
352 4095 432 4158 ἔσται
448 4101 503 4176 τῆς
518 4094 607 4163 νεώς.
632 4094 712 4156 ἀνιο-

813 614 858 682 Of.
868 614 931 682 Cic.
940 612 980 680 de
989 614 1079 681 inul
1091 615 1122 700 8,
1135 616 1184 681 11.
1193 615 1303 696 Quint.

767 720 816 787 IV
840 722 870 805 2,
910 721 969 787 13:
1023 721 1150 787 Teucer
1183 720 1305 787 Ulixen

767 848 860 894 reum
884 828 967 894 lacit
990 828 1102 894 Aiacis
1131 828 1230 894 occisi
1254 828 1304 894 di-

769 955 863 1002 cens:
887 935 1067 1001 Inventum
1084 955 1161 1000 eum
1178 935 1212 1000 in
1225 934 1303 1002 soli-

768 1041 885 1108 tudine
901 1041 998 1108 iuxta
1014 1042 1168 1108 exanime
1186 1063 1304 1128 cerpus

769 1148 894 1214 inimici
910 1170 985 1215 cum
1004 1148 1115 1232 gladic
1132 1151 1303 1230 cruentuli

813 1254 875 1322 Oic.
908 1255 948 1322 de
978 1255 1045 1321 inv.
1076 1256 1105 1321 Π
1134 1255 1189 1340 42,
1223 1255 1303 1322 124;

768 1414 806 1428 ..
837 1363 978 1430 remotio
1011 1363 1165 1446 criminiS,
1199 1365 1240 1428 ut
1268 1363 1304 1429 in

769 1491 830 1554 ec„
859 1470 926 1556 qui,
966 1490 1042 1535 cum
1080 1469 1145 1552 lex,
1182 1469 1304 1556 quibua

768 1575 885 1643 diebus
919 1577 954 1642 in
988 1576 1194 1661 legationem
1228 1597 1303 1663 prc-

766 1684 972 1751 iicisceretur
994 1684 1033 1767 is,
1054 1685 1304 1771 praestituerat,

767 1791 847 1878 quia
870 1794 1042 1878 sumptum
1062 1793 1221 1877 quaestor
1235 1812 1304 1857 ncn

767 1897 868 1982 dedit,
892 1897 1062 1984 proiectus
1084 1919 1154 1964 ncn
1178 1901 1239 1965 est.

813 2004 859 2071 uf.
884 2003 961 2072 ibid.
985 2005 1089 2089 1129,
1113 2004 1165 2071 87.

812 2129 876 2198 Oic.
899 2129 940 2196 de
965 2150 1009 2196 or.
1024 2130 1054 2195 Η
1069 2129 1123 2210 24,
1146 2130 1226 2196 100:
1248 2129 1304 2196 lex

766 2238 977 2324 peregrinum
1003 2239 1097 2303 vetat
1118 2236 1155 2302 in
1171 2257 1304 2302 murum

767 2344 964 2428 ascendere3
997 2344 1159 2429 ascendit,
1188 2344 1303 2411 hostes

766 2451 924 2539 reppulit:
938 2453 1123 2517 accusatur.
1133 2449 1177 2517 uf.
1192 2449 1302 2530 Quint.

766 2559 827 2624 VH
843 2558 873 2642 6,
891 2559 927 2625 6:
950 2558 1158 2641 Peregrinurr,
1182 2559 1211 2623 si
1228 2578 1303 2622 mu-

766 2687 840 2732 rum
852 2663 1050 2748 ascenderit,
1063 2665 1172 2750 capite
1184 2665 1303 2751 puniar

766 2775 829 2839 tur.
892 2773 974 2840 Cum
1016 2773 1133 2838 hostes
1171 2792 1304 2838 murum

767 2879 1007 2963 ascendissent,
1030 2879 1224 2965 peregrinus
1244 2899 1302 2945 ees

766 2985 915 3075 depulits,
945 2987 1070 3073 petitur
1105 2986 1149 3052 ad
1177 2985 1302 3072 suppli-

766 3095 862 3160 cium.

811 3218 914 3299 Quint
937 3217 998 3283 VH
1014 3217 1044 3302 6,
1062 3218 1098 3283 3:
1122 3217 1173 3282 Ex
1195 3237 1302 3282 mere-

765 3327 846 3392 trice
878 3328 981 3392 natus
1013 3346 1055 3391 ne
1084 3325 1302 3391 contionetur.

767 3432 860 3513 Quae
891 3432 999 3499 filium
1033 3431 1192 3515 habebat,
1224 3452 1301 3518 pro-

767 3537 1302 3626 stare‘eoepit:prohibeturadu-

766 3646 895 3713 lescens
919 3647 1083 3712 contione.

813 3773 910 3837 Auct.
931 3770 974 3837 ad
998 3772 1074 3836 Her.
1090 3770 1105 3835 l
1123 3770 1173 3854 11,
1194 3770 1251 3837 19:
1268 3769 1302 3835 Si

263 4269 283 4336 ι)
302 4268 343 4323 cf.
364 4268 464 4324 rnen
482 4269 542 4324 ner.
563 4268 609 4324 an.
629 4237 656 4341 p.
672 4268 775 4340 reesq.
