<?xml version="1.0" encoding="UTF-8"?>
<!DOCTYPE html PUBLIC "-//W3C//DTD XHTML 1.0 Transitional//EN"
    "http://www.w3.org/TR/xhtml1/DTD/xhtml1-transitional.dtd">
<html xmlns="http://www.w3.org/1999/xhtml" xml:lang="en" lang="en">
 <head>
  <title>
</title>
<meta http-equiv="Content-Type" content="text/html;charset=utf-8" />
  <meta name='ocr-system' content='tesseract 3.04.00' />
  <meta name='ocr-capabilities' content='ocr_page ocr_carea ocr_par ocr_line ocrx_word'/>
</head>
<body>
  <div class='ocr_page' id='page_1' title='image "./destatuumdoctri00jaengoog_0157.png"; bbox 0 0 3198 5054; ppageno 0'>
   <div class='ocr_carea' id='block_1_1' title="bbox 738 412 983 478">
    <p class='ocr_par' dir='ltr' id='par_1_1' title="bbox 738 412 983 478">
     <span class='ocr_line' id='line_1_1' title="bbox 738 412 983 478; baseline 0.008 -2"><span class='ocrx_word' id='word_1_1' title='bbox 738 412 983 478; x_wconf 85' lang='lat'>-142-</span> 
     </span>
    </p>
   </div>
   <div class='ocr_carea' id='block_1_2' title="bbox 299 588 1426 4306">
    <p class='ocr_par' dir='ltr' id='par_1_2' title="bbox 299 588 1423 890">
     <span class='ocr_line' id='line_1_2' title="bbox 299 588 1422 676; baseline 0.004 -24"><span class='ocrx_word' id='word_1_2' title='bbox 299 597 365 660; x_wconf 87' lang='grc' dir='ltr'><strong><em>τοῖς</em></strong></span> <span class='ocrx_word' id='word_1_3' title='bbox 401 591 585 673; x_wconf 79' lang='grc' dir='ltr'><strong><em>κεφαλαίοις</em></strong></span> <span class='ocrx_word' id='word_1_4' title='bbox 622 591 683 654; x_wconf 80' lang='grc' dir='ltr'><strong><em>οὐκ</em></strong></span> <span class='ocrx_word' id='word_1_5' title='bbox 718 592 834 672; x_wconf 82' lang='grc' dir='ltr'><strong><em>ἀγιονι-</em></strong></span> <span class='ocrx_word' id='word_1_6' title='bbox 889 590 973 676; x_wconf 81' lang='lat' dir='ltr'>cipio</span> <span class='ocrx_word' id='word_1_7' title='bbox 990 611 1048 676; x_wconf 88' lang='lat' dir='ltr'><strong><em>per</em></strong></span> <span class='ocrx_word' id='word_1_8' title='bbox 1071 589 1207 656; x_wconf 86' lang='lat' dir='ltr'>eosdem</span> <span class='ocrx_word' id='word_1_9' title='bbox 1221 590 1310 656; x_wconf 84' lang='lat' dir='ltr'>locos</span> <span class='ocrx_word' id='word_1_10' title='bbox 1335 588 1422 657; x_wconf 91' lang='lat' dir='ltr'>ordi·-</span> 
     </span>
     <span class='ocr_line' id='line_1_3' title="bbox 300 696 1422 784; baseline 0.003 -24"><span class='ocrx_word' id='word_1_11' title='bbox 300 697 406 760; x_wconf 87' lang='grc' dir='ltr'><strong><em>οτικὸν</em></strong></span> <span class='ocrx_word' id='word_1_12' title='bbox 444 697 521 760; x_wconf 87' lang='grc' dir='ltr'><strong><em>ἀλλὰ</em></strong></span> <span class='ocrx_word' id='word_1_13' title='bbox 556 698 683 780; x_wconf 82' lang='grc' dir='ltr'><strong><em>σφόδρα</em></strong></span> <span class='ocrx_word' id='word_1_14' title='bbox 717 699 835 772; x_wconf 80' lang='grc' dir='ltr'><strong><em>ὕπτιον,</em></strong></span> <span class='ocrx_word' id='word_1_15' title='bbox 890 700 977 766; x_wconf 88' lang='lat' dir='ltr'>atur:</span> <span class='ocrx_word' id='word_1_16' title='bbox 1014 696 1074 763; x_wconf 85' lang='lat' dir='ltr'><strong><em>sed</em></strong></span> <span class='ocrx_word' id='word_1_17' title='bbox 1109 699 1287 784; x_wconf 87' lang='lat' dir='ltr'>utrumque</span> <span class='ocrx_word' id='word_1_18' title='bbox 1323 696 1422 763; x_wconf 89' lang='lat' dir='ltr'>simul</span> 
     </span>
     <span class='ocr_line' id='line_1_4' title="bbox 302 803 1423 890; baseline 0.004 -23"><span class='ocrx_word' id='word_1_19' title='bbox 302 805 490 886; x_wconf 82' lang='grc' dir='ltr'><strong><em>συμπλέκειν</em></strong></span> <span class='ocrx_word' id='word_1_20' title='bbox 514 803 572 866; x_wconf 81' lang='grc' dir='ltr'><strong><em>οὖν</em></strong></span> <span class='ocrx_word' id='word_1_21' title='bbox 595 805 648 868; x_wconf 86' lang='grc' dir='ltr'><strong><em>δεῖ.</em></strong></span> <span class='ocrx_word' id='word_1_22' title='bbox 889 825 947 890; x_wconf 87' lang='lat' dir='ltr'><strong><em>per</em></strong></span> <span class='ocrx_word' id='word_1_23' title='bbox 985 803 1133 886; x_wconf 81' lang='lat' dir='ltr'>singulos</span> <span class='ocrx_word' id='word_1_24' title='bbox 1171 803 1284 888; x_wconf 81' lang='lat' dir='ltr'>faeiat,</span> <span class='ocrx_word' id='word_1_25' title='bbox 1324 806 1363 870; x_wconf 80' lang='lat' dir='ltr'><strong><em>ut</em></strong></span> <span class='ocrx_word' id='word_1_26' title='bbox 1401 827 1423 871; x_wconf 86' lang='lat' dir='ltr'>a</span> 
     </span>
    </p>

    <p class='ocr_par' dir='ltr' id='par_1_3' title="bbox 302 909 1423 1530">
     <span class='ocr_line' id='line_1_5' title="bbox 349 909 1422 998; baseline 0.007 -26"><span class='ocrx_word' id='word_1_27' title='bbox 349 909 420 993; x_wconf 86' lang='lat'>150,</span> <span class='ocrx_word' id='word_1_28' title='bbox 435 909 490 974; x_wconf 87' lang='lat'><strong><em>28:</em></strong></span> <span class='ocrx_word' id='word_1_29' title='bbox 515 911 583 974; x_wconf 83' lang='grc' dir='ltr'><strong><em>οἷον</em></strong></span> <span class='ocrx_word' id='word_1_30' title='bbox 606 912 669 993; x_wconf 78' lang='grc' dir='ltr'><strong><em>ἐγὼ</em></strong></span> <span class='ocrx_word' id='word_1_31' title='bbox 692 912 752 993; x_wconf 80' lang='grc' dir='ltr'><strong><em>μὲν</em></strong></span> <span class='ocrx_word' id='word_1_32' title='bbox 775 914 835 975; x_wconf 82' lang='grc' dir='ltr'><strong><em>οὐκ</em></strong></span> <span class='ocrx_word' id='word_1_33' title='bbox 888 911 1066 977; x_wconf 87' lang='lat' dir='ltr'>voluntate</span> <span class='ocrx_word' id='word_1_34' title='bbox 1079 913 1114 975; x_wconf 86' lang='lat' dir='ltr'><strong><em>et</em></strong></span> <span class='ocrx_word' id='word_1_35' title='bbox 1126 914 1335 994; x_wconf 83' lang='lat' dir='ltr'>argumenta,</span> <span class='ocrx_word' id='word_1_36' title='bbox 1348 912 1422 998; x_wconf 86' lang='lat' dir='ltr'>qui-</span> 
     </span>
     <span class='ocr_line' id='line_1_6' title="bbox 302 1017 1422 1101; baseline 0.003 -20"><span class='ocrx_word' id='word_1_37' title='bbox 302 1020 341 1081; x_wconf 84' lang='grc' dir='ltr'><strong><em>ἃν</em></strong></span> <span class='ocrx_word' id='word_1_38' title='bbox 357 1019 538 1101; x_wconf 74' lang='grc' dir='ltr'><strong><em>ἐβουλήθην</em></strong></span> <span class='ocrx_word' id='word_1_39' title='bbox 558 1021 836 1101; x_wconf 80' lang='grc' dir='ltr'><strong><em>παραπρεσβεῦσαι</em></strong></span> <span class='ocrx_word' id='word_1_40' title='bbox 889 1017 953 1083; x_wconf 83' lang='lat' dir='ltr'><strong><em>bus</em></strong></span> <span class='ocrx_word' id='word_1_41' title='bbox 975 1017 1189 1083; x_wconf 72' lang='lat' dir='ltr'>innocentem</span> <span class='ocrx_word' id='word_1_42' title='bbox 1209 1039 1244 1083; x_wconf 84' lang='lat' dir='ltr'><strong><em>se</em></strong></span> <span class='ocrx_word' id='word_1_43' title='bbox 1270 1040 1344 1084; x_wconf 86' lang='lat' dir='ltr'>esse</span> <span class='ocrx_word' id='word_1_44' title='bbox 1361 1018 1422 1084; x_wconf 87' lang='lat' dir='ltr'><strong><em>do-</em></strong></span> 
     </span>
     <span class='ocr_line' id='line_1_7' title="bbox 303 1123 1423 1208; baseline 0.005 -22"><span class='ocrx_word' id='word_1_45' title='bbox 303 1123 353 1187; x_wconf 87' lang='grc' dir='ltr'><strong><em>διὰ</em></strong></span> <span class='ocrx_word' id='word_1_46' title='bbox 369 1125 449 1198; x_wconf 87' lang='grc' dir='ltr'><strong><em>τόδε,</em></strong></span> <span class='ocrx_word' id='word_1_47' title='bbox 474 1124 512 1188; x_wconf 84' lang='grc' dir='ltr'><strong><em>σὺ</em></strong></span> <span class='ocrx_word' id='word_1_48' title='bbox 527 1127 634 1206; x_wconf 87' lang='grc' dir='ltr'><strong><em>μέντοι</em></strong></span> <span class='ocrx_word' id='word_1_49' title='bbox 650 1126 836 1208; x_wconf 73' lang='grc' dir='ltr'><strong><em>ἠβουλήθης</em></strong></span> <span class='ocrx_word' id='word_1_50' title='bbox 890 1126 974 1206; x_wconf 82' lang='lat' dir='ltr'>oeat,</span> <span class='ocrx_word' id='word_1_51' title='bbox 1003 1127 1077 1189; x_wconf 85' lang='lat' dir='ltr'>turn</span> <span class='ocrx_word' id='word_1_52' title='bbox 1100 1125 1216 1190; x_wconf 83' lang='lat' dir='ltr'>statim</span> <span class='ocrx_word' id='word_1_53' title='bbox 1240 1145 1281 1190; x_wconf 89' lang='lat' dir='ltr'><strong><em>ex</em></strong></span> <span class='ocrx_word' id='word_1_54' title='bbox 1305 1125 1423 1196; x_wconf 85' lang='lat' dir='ltr'>eodem</span> 
     </span>
     <span class='ocr_line' id='line_1_8' title="bbox 302 1229 1422 1318; baseline 0.004 -26"><span class='ocrx_word' id='word_1_55' title='bbox 302 1233 342 1293; x_wconf 83' lang='grc' dir='ltr'><strong><em>ἂν</em></strong></span> <span class='ocrx_word' id='word_1_56' title='bbox 357 1231 408 1294; x_wconf 84' lang='grc' dir='ltr'><strong><em>διὰ</em></strong></span> <span class='ocrx_word' id='word_1_57' title='bbox 423 1232 505 1304; x_wconf 82' lang='grc' dir='ltr'><strong><em>τόδε,</em></strong></span> <span class='ocrx_word' id='word_1_58' title='bbox 521 1232 575 1294; x_wconf 83' lang='grc' dir='ltr'><strong><em>καὶ</em></strong></span> <span class='ocrx_word' id='word_1_59' title='bbox 591 1232 640 1294; x_wconf 81' lang='grc' dir='ltr'><strong><em>ἐπὶ</em></strong></span> <span class='ocrx_word' id='word_1_60' title='bbox 655 1233 836 1296; x_wconf 82' lang='grc' dir='ltr'><strong><em>τῶνᾶλλων</em></strong></span> <span class='ocrx_word' id='word_1_61' title='bbox 889 1229 960 1297; x_wconf 87' lang='lat' dir='ltr'>loco</span> <span class='ocrx_word' id='word_1_62' title='bbox 985 1229 1043 1295; x_wconf 88' lang='lat' dir='ltr'><strong><em>det</em></strong></span> <span class='ocrx_word' id='word_1_63' title='bbox 1066 1234 1275 1316; x_wconf 86' lang='lat' dir='ltr'>argumenta,</span> <span class='ocrx_word' id='word_1_64' title='bbox 1300 1231 1422 1318; x_wconf 89' lang='lat' dir='ltr'>quibus</span> 
     </span>
     <span class='ocr_line' id='line_1_9' title="bbox 302 1337 1423 1419; baseline 0.003 -20"><span class='ocrx_word' id='word_1_65' title='bbox 302 1337 423 1418; x_wconf 84' lang='grc' dir='ltr'><strong><em>ὁμοίως</em></strong></span> <span class='ocrx_word' id='word_1_66' title='bbox 439 1339 473 1400; x_wconf 80' lang='grc' dir='ltr'><strong><em>ἓν</em></strong></span> <span class='ocrx_word' id='word_1_67' title='bbox 487 1337 569 1419; x_wconf 90' lang='grc' dir='ltr'><strong><em>πρὸς</em></strong></span> <span class='ocrx_word' id='word_1_68' title='bbox 585 1340 619 1401; x_wconf 82' lang='grc' dir='ltr'><strong><em>ἓν</em></strong></span> <span class='ocrx_word' id='word_1_69' title='bbox 637 1338 837 1409; x_wconf 59' lang='grc' dir='ltr'><strong><em>ἀντιτιθέντες</em></strong></span> <span class='ocrx_word' id='word_1_70' title='bbox 890 1337 1033 1403; x_wconf 83' lang='lat' dir='ltr'>alterurn</span> <span class='ocrx_word' id='word_1_71' title='bbox 1056 1340 1234 1403; x_wconf 79' lang='lat' dir='ltr'>nocentem</span> <span class='ocrx_word' id='word_1_72' title='bbox 1258 1359 1331 1404; x_wconf 87' lang='lat' dir='ltr'>esse</span> <span class='ocrx_word' id='word_1_73' title='bbox 1347 1339 1423 1404; x_wconf 87' lang='lat' dir='ltr'>vin-</span> 
     </span>
     <span class='ocr_line' id='line_1_10' title="bbox 304 1443 1423 1530; baseline 0.004 -24"><span class='ocrx_word' id='word_1_74' title='bbox 304 1444 507 1526; x_wconf 81' lang='grc' dir='ltr'><strong><em>ἕξετάσομεν.</em></strong></span> <span class='ocrx_word' id='word_1_75' title='bbox 890 1446 946 1510; x_wconf 81' lang='grc' dir='ltr'><strong><em>σαί</em></strong></span> <span class='ocrx_word' id='word_1_76' title='bbox 961 1446 997 1509; x_wconf 87' lang='lat' dir='ltr'><strong><em>et</em></strong></span> <span class='ocrx_word' id='word_1_77' title='bbox 1011 1443 1075 1510; x_wconf 84' lang='lat' dir='ltr'><strong><em>hoe</em></strong></span> <span class='ocrx_word' id='word_1_78' title='bbox 1089 1466 1148 1530; x_wconf 90' lang='lat' dir='ltr'><strong><em>per</em></strong></span> <span class='ocrx_word' id='word_1_79' title='bbox 1168 1444 1316 1528; x_wconf 83' lang='lat' dir='ltr'>singulos</span> <span class='ocrx_word' id='word_1_80' title='bbox 1332 1445 1423 1512; x_wconf 89' lang='lat' dir='ltr'>looos</span> 
     </span>
    </p>

    <p class='ocr_par' dir='ltr' id='par_1_4' title="bbox 890 1550 1002 1617">
     <span class='ocr_line' id='line_1_11' title="bbox 890 1550 1002 1617; baseline 0.018 -2"><span class='ocrx_word' id='word_1_81' title='bbox 890 1550 1002 1617; x_wconf 82' lang='lat' dir='ltr'>faciat.</span> 
     </span>
    </p>

    <p class='ocr_par' dir='ltr' id='par_1_5' title="bbox 301 1655 837 1847">
     <span class='ocr_line' id='line_1_12' title="bbox 349 1655 837 1740; baseline 0.004 -20"><span class='ocrx_word' id='word_1_82' title='bbox 349 1655 469 1738; x_wconf 83' lang='grc'><strong>151,3;</strong></span> <span class='ocrx_word' id='word_1_83' title='bbox 499 1657 635 1728; x_wconf 80' lang='grc' dir='ltr'><strong><em>Διπλοῦς</em></strong></span> <span class='ocrx_word' id='word_1_84' title='bbox 664 1707 670 1721; x_wconf 92' lang='grc'>.</span> <span class='ocrx_word' id='word_1_85' title='bbox 696 1708 702 1721; x_wconf 95' lang='grc'><em>.</em></span> <span class='ocrx_word' id='word_1_86' title='bbox 727 1659 837 1740; x_wconf 85' lang='grc' dir='ltr'><strong><em>ἀτελὴς</em></strong></span> 
     </span>
     <span class='ocr_line' id='line_1_13' title="bbox 301 1765 783 1847; baseline 0.002 -20"><span class='ocrx_word' id='word_1_87' title='bbox 301 1765 339 1828; x_wconf 79' lang='grc' dir='ltr'><strong><em>ἐκ</em></strong></span> <span class='ocrx_word' id='word_1_88' title='bbox 364 1813 395 1826; x_wconf 93' lang='grc'><strong><em>..</em></strong></span> <span class='ocrx_word' id='word_1_89' title='bbox 418 1770 482 1827; x_wconf 83' lang='grc' dir='ltr'><strong><em>τῶν</em></strong></span> <span class='ocrx_word' id='word_1_90' title='bbox 504 1765 710 1847; x_wconf 81' lang='grc' dir='ltr'><strong><em>πραγμάτων,</em></strong></span> <span class='ocrx_word' id='word_1_91' title='bbox 728 1815 734 1827; x_wconf 94' lang='grc'><strong>.</strong></span> <span class='ocrx_word' id='word_1_92' title='bbox 753 1815 783 1828; x_wconf 92' lang='grc'><strong><em>..</em></strong></span> 
     </span>
    </p>

    <p class='ocr_par' dir='ltr' id='par_1_6' title="bbox 301 1869 1425 3128">
     <span class='ocr_line' id='line_1_14' title="bbox 350 1869 835 1953; baseline 0.006 -20"><span class='ocrx_word' id='word_1_93' title='bbox 350 1869 422 1953; x_wconf 82' lang='grc'><strong>151,</strong></span> <span class='ocrx_word' id='word_1_94' title='bbox 439 1869 556 1935; x_wconf 73' lang='grc' dir='ltr'><strong><em>13ῑἘκ</em></strong></span> <span class='ocrx_word' id='word_1_95' title='bbox 569 1925 575 1937; x_wconf 94' lang='grc'><strong>.</strong></span> <span class='ocrx_word' id='word_1_96' title='bbox 590 1921 595 1933; x_wconf 95' lang='grc'><em>.</em></span> <span class='ocrx_word' id='word_1_97' title='bbox 607 1872 720 1953; x_wconf 86' lang='grc' dir='ltr'><strong><em>μόνων</em></strong></span> <span class='ocrx_word' id='word_1_98' title='bbox 735 1895 835 1953; x_wconf 89' lang='grc' dir='ltr'><strong><em>προσ-</em></strong></span> 
     </span>
     <span class='ocr_line' id='line_1_15' title="bbox 303 1979 835 2061; baseline 0.002 -20"><span class='ocrx_word' id='word_1_99' title='bbox 303 1980 405 2042; x_wconf 87' lang='grc' dir='ltr'><strong><em>ώπων</em></strong></span> <span class='ocrx_word' id='word_1_100' title='bbox 425 1979 554 2048; x_wconf 81' lang='grc' dir='ltr'><strong><em>διπλοῦς</em></strong></span> <span class='ocrx_word' id='word_1_101' title='bbox 581 1980 692 2060; x_wconf 84' lang='grc' dir='ltr'><strong><em>γίνεται</em></strong></span> <span class='ocrx_word' id='word_1_102' title='bbox 723 2003 835 2061; x_wconf 88' lang='grc' dir='ltr'><strong><em>στοχα-</em></strong></span> 
     </span>
     <span class='ocr_line' id='line_1_16' title="bbox 303 2085 836 2167; baseline 0.004 -20"><span class='ocrx_word' id='word_1_103' title='bbox 303 2085 391 2166; x_wconf 84' lang='grc' dir='ltr'><strong><em>σμδς,</em></strong></span> <span class='ocrx_word' id='word_1_104' title='bbox 416 2085 491 2148; x_wconf 87' lang='grc' dir='ltr'><strong><em>ὅταν</em></strong></span> <span class='ocrx_word' id='word_1_105' title='bbox 513 2086 598 2167; x_wconf 90' lang='grc' dir='ltr'><strong><em>μόνα</em></strong></span> <span class='ocrx_word' id='word_1_106' title='bbox 616 2085 653 2147; x_wconf 85' lang='grc' dir='ltr'><strong><em>τὰ</em></strong></span> <span class='ocrx_word' id='word_1_107' title='bbox 676 2085 836 2167; x_wconf 79' lang='grc' dir='ltr'><strong><em>πρόσωπα</em></strong></span> 
     </span>
     <span class='ocr_line' id='line_1_17' title="bbox 303 2190 1424 2274; baseline 0.004 -21"><span class='ocrx_word' id='word_1_108' title='bbox 303 2193 452 2273; x_wconf 79' lang='grc' dir='ltr'><strong><em>κρίνηται,</em></strong></span> <span class='ocrx_word' id='word_1_109' title='bbox 500 2192 568 2254; x_wconf 80' lang='grc' dir='ltr'><strong><em>οἷον</em></strong></span> <span class='ocrx_word' id='word_1_110' title='bbox 613 2191 663 2254; x_wconf 77' lang='grc' dir='ltr'><strong><em>ἐπὶ</em></strong></span> <span class='ocrx_word' id='word_1_111' title='bbox 697 2194 837 2274; x_wconf 81' lang='grc' dir='ltr'><strong><em>σημείοις</em></strong></span> <span class='ocrx_word' id='word_1_112' title='bbox 935 2192 1010 2274; x_wconf 81' lang='grc'><strong>327,</strong></span> <span class='ocrx_word' id='word_1_113' title='bbox 1025 2191 1081 2257; x_wconf 84' lang='lat'><strong><em>33:</em></strong></span> <span class='ocrx_word' id='word_1_114' title='bbox 1110 2190 1252 2271; x_wconf 75' lang='lat' dir='ltr'>Quidam</span> <span class='ocrx_word' id='word_1_115' title='bbox 1275 2190 1424 2259; x_wconf 85' lang='lat' dir='ltr'>habebat</span> 
     </span>
     <span class='ocr_line' id='line_1_18' title="bbox 303 2296 1424 2382; baseline 0.005 -23"><span class='ocrx_word' id='word_1_116' title='bbox 303 2299 489 2379; x_wconf 81' lang='grc' dir='ltr'><strong><em>φαρμάκων</em></strong></span> <span class='ocrx_word' id='word_1_117' title='bbox 524 2297 664 2380; x_wconf 80' lang='grc' dir='ltr'><strong><em>ἀριστεὺς</em></strong></span> <span class='ocrx_word' id='word_1_118' title='bbox 699 2299 836 2362; x_wconf 71' lang='grc' dir='ltr'><strong><em>ἐτελεύτα</em></strong></span> <span class='ocrx_word' id='word_1_119' title='bbox 891 2320 1079 2382; x_wconf 81' lang='lat' dir='ltr'>novercam,</span> <span class='ocrx_word' id='word_1_120' title='bbox 1105 2296 1255 2363; x_wconf 83' lang='lat' dir='ltr'>habebat</span> <span class='ocrx_word' id='word_1_121' title='bbox 1279 2302 1313 2364; x_wconf 85' lang='lat' dir='ltr'><strong><em>et</em></strong></span> <span class='ocrx_word' id='word_1_122' title='bbox 1334 2299 1424 2365; x_wconf 86' lang='lat' dir='ltr'>idem</span> 
     </span>
     <span class='ocr_line' id='line_1_19' title="bbox 301 2404 1424 2492; baseline 0.005 -27"><span class='ocrx_word' id='word_1_123' title='bbox 301 2404 457 2487; x_wconf 84' lang='grc' dir='ltr'><strong><em>μητρυιὰν</em></strong></span> <span class='ocrx_word' id='word_1_124' title='bbox 481 2406 566 2486; x_wconf 81' lang='grc' dir='ltr'><strong><em>ἔχων</em></strong></span> <span class='ocrx_word' id='word_1_125' title='bbox 596 2405 650 2468; x_wconf 83' lang='grc' dir='ltr'><strong><em>καὶ</em></strong></span> <span class='ocrx_word' id='word_1_126' title='bbox 672 2407 836 2488; x_wconf 81' lang='grc' dir='ltr'><strong><em>αἰχμάλω-</em></strong></span> <span class='ocrx_word' id='word_1_127' title='bbox 891 2406 1061 2492; x_wconf 87' lang='lat' dir='ltr'>captivam</span> <span class='ocrx_word' id='word_1_128' title='bbox 1084 2405 1317 2490; x_wconf 61' lang='lat' dir='ltr'>concubinam</span> <span class='ocrx_word' id='word_1_129' title='bbox 1342 2406 1424 2471; x_wconf 87' lang='lat' dir='ltr'>obiit</span> 
     </span>
     <span class='ocr_line' id='line_1_20' title="bbox 302 2511 1423 2595; baseline 0.004 -22"><span class='ocrx_word' id='word_1_130' title='bbox 302 2535 356 2575; x_wconf 90' lang='grc' dir='ltr'><strong><em>τον</em></strong></span> <span class='ocrx_word' id='word_1_131' title='bbox 386 2511 571 2584; x_wconf 83' lang='grc' dir='ltr'><strong><em>παλλακίδα,</em></strong></span> <span class='ocrx_word' id='word_1_132' title='bbox 602 2512 654 2576; x_wconf 86' lang='grc' dir='ltr'><strong><em>καὶ</em></strong></span> <span class='ocrx_word' id='word_1_133' title='bbox 686 2513 836 2595; x_wconf 83' lang='grc' dir='ltr'><strong><em>ἁνιεγκα-</em></strong></span> <span class='ocrx_word' id='word_1_134' title='bbox 890 2512 993 2594; x_wconf 85' lang='lat' dir='ltr'>signis</span> <span class='ocrx_word' id='word_1_135' title='bbox 1031 2512 1167 2577; x_wconf 83' lang='lat' dir='ltr'>veneni:</span> <span class='ocrx_word' id='word_1_136' title='bbox 1206 2534 1242 2578; x_wconf 89' lang='lat' dir='ltr'><strong><em>se</em></strong></span> <span class='ocrx_word' id='word_1_137' title='bbox 1281 2513 1423 2580; x_wconf 83' lang='lat' dir='ltr'>invicem</span> 
     </span>
     <span class='ocr_line' id='line_1_21' title="bbox 302 2619 1425 2702; baseline 0.004 -21"><span class='ocrx_word' id='word_1_138' title='bbox 302 2619 408 2682; x_wconf 83' lang='grc' dir='ltr'><strong><em>λοῦσιν</em></strong></span> <span class='ocrx_word' id='word_1_139' title='bbox 425 2619 578 2701; x_wconf 86' lang='grc' dir='ltr'><strong><em>ἀλλήλοις.</em></strong></span> <span class='ocrx_word' id='word_1_140' title='bbox 599 2620 737 2684; x_wconf 84' lang='grc' dir='ltr'><strong><em>ἐνταῦθα</em></strong></span> <span class='ocrx_word' id='word_1_141' title='bbox 752 2621 835 2702; x_wconf 86' lang='grc' dir='ltr'><strong><em>μόνη</em></strong></span> <span class='ocrx_word' id='word_1_142' title='bbox 890 2621 1053 2684; x_wconf 83' lang='lat' dir='ltr'>aecusant</span> <span class='ocrx_word' id='word_1_143' title='bbox 1086 2619 1242 2685; x_wconf 83' lang='lat' dir='ltr'>veneficii</span> <span class='ocrx_word' id='word_1_144' title='bbox 1280 2640 1425 2686; x_wconf 84' lang='lat' dir='ltr'>noverca</span> 
     </span>
     <span class='ocr_line' id='line_1_22' title="bbox 303 2725 1424 2808; baseline 0.004 -21"><span class='ocrx_word' id='word_1_145' title='bbox 303 2727 323 2807; x_wconf 80' lang='grc' dir='ltr'><em>ἡ</em></span> <span class='ocrx_word' id='word_1_146' title='bbox 361 2726 510 2807; x_wconf 80' lang='grc' dir='ltr'><strong><em>βούλησις</em></strong></span> <span class='ocrx_word' id='word_1_147' title='bbox 552 2726 606 2788; x_wconf 83' lang='grc' dir='ltr'><strong><em>καλ</em></strong></span> <span class='ocrx_word' id='word_1_148' title='bbox 643 2728 663 2808; x_wconf 79' lang='grc' dir='ltr'><em>ἡ</em></span> <span class='ocrx_word' id='word_1_149' title='bbox 704 2725 837 2807; x_wconf 87' lang='grc' dir='ltr'><strong><em>δύναμις</em></strong></span> <span class='ocrx_word' id='word_1_150' title='bbox 891 2728 926 2791; x_wconf 87' lang='lat' dir='ltr'><strong><em>et</em></strong></span> <span class='ocrx_word' id='word_1_151' title='bbox 949 2726 1135 2791; x_wconf 82' lang='lat' dir='ltr'>concubina</span> <span class='ocrx_word' id='word_1_152' title='bbox 1158 2776 1164 2791; x_wconf 92' lang='lat'>.</span> <span class='ocrx_word' id='word_1_153' title='bbox 1189 2781 1196 2794; x_wconf 90' lang='lat'><strong>.</strong></span> <span class='ocrx_word' id='word_1_154' title='bbox 1221 2780 1227 2792; x_wconf 93' lang='lat'>.</span> <span class='ocrx_word' id='word_1_155' title='bbox 1251 2726 1280 2791; x_wconf 86' lang='lat' dir='ltr'><strong><em>si</em></strong></span> <span class='ocrx_word' id='word_1_156' title='bbox 1303 2727 1424 2792; x_wconf 81' lang='lat' dir='ltr'>circum</span> 
     </span>
     <span class='ocr_line' id='line_1_23' title="bbox 303 2831 1423 2919; baseline 0.006 -27"><span class='ocrx_word' id='word_1_157' title='bbox 303 2831 482 2904; x_wconf 80' lang='grc' dir='ltr'><strong><em>ἐξετάζεται,</em></strong></span> <span class='ocrx_word' id='word_1_158' title='bbox 506 2834 526 2893; x_wconf 83' lang='grc' dir='ltr'>ἃ</span> <span class='ocrx_word' id='word_1_159' title='bbox 548 2831 587 2914; x_wconf 82' lang='grc' dir='ltr'><strong><em>δὴ</em></strong></span> <span class='ocrx_word' id='word_1_160' title='bbox 604 2833 657 2895; x_wconf 84' lang='grc' dir='ltr'><strong><em>καὶ</em></strong></span> <span class='ocrx_word' id='word_1_161' title='bbox 673 2833 766 2914; x_wconf 82' lang='grc' dir='ltr'><strong><em>φύσει</em></strong></span> <span class='ocrx_word' id='word_1_162' title='bbox 780 2840 836 2897; x_wconf 84' lang='grc' dir='ltr'><strong><em>τοῦ</em></strong></span> <span class='ocrx_word' id='word_1_163' title='bbox 889 2852 1067 2917; x_wconf 85' lang='lat' dir='ltr'>personam</span> <span class='ocrx_word' id='word_1_164' title='bbox 1075 2832 1309 2899; x_wconf 86' lang='lat' dir='ltr'>tantummodo</span> <span class='ocrx_word' id='word_1_165' title='bbox 1320 2855 1423 2919; x_wconf 84' lang='lat' dir='ltr'>quae·</span> 
     </span>
     <span class='ocr_line' id='line_1_24' title="bbox 303 2938 1423 3022; baseline 0.004 -23"><span class='ocrx_word' id='word_1_166' title='bbox 303 2939 480 3019; x_wconf 84' lang='grc' dir='ltr'><strong><em>προσώπου</em></strong></span> <span class='ocrx_word' id='word_1_167' title='bbox 516 2939 590 3002; x_wconf 83' lang='grc' dir='ltr'><strong><em>εἰσὶν</em></strong></span> <span class='ocrx_word' id='word_1_168' title='bbox 624 2939 695 3012; x_wconf 80' lang='grc' dir='ltr'><strong><em>ἴδια,</em></strong></span> <span class='ocrx_word' id='word_1_169' title='bbox 729 2940 766 3002; x_wconf 85' lang='grc' dir='ltr'><strong><em>τὰ</em></strong></span> <span class='ocrx_word' id='word_1_170' title='bbox 803 2940 837 3003; x_wconf 85' lang='grc' dir='ltr'><strong><em>δὲ</em></strong></span> <span class='ocrx_word' id='word_1_171' title='bbox 892 2939 956 3005; x_wconf 84' lang='lat' dir='ltr'>stio</span> <span class='ocrx_word' id='word_1_172' title='bbox 978 2941 1039 3018; x_wconf 75' lang='lat' dir='ltr'>est,</span> <span class='ocrx_word' id='word_1_173' title='bbox 1057 2943 1096 3004; x_wconf 84' lang='lat' dir='ltr'><strong><em>ut</em></strong></span> <span class='ocrx_word' id='word_1_174' title='bbox 1112 2938 1264 3022; x_wconf 77' lang='lat' dir='ltr'>diximUS,</span> <span class='ocrx_word' id='word_1_175' title='bbox 1286 2962 1328 3006; x_wconf 85' lang='lat' dir='ltr'><strong><em>ex</em></strong></span> <span class='ocrx_word' id='word_1_176' title='bbox 1343 2939 1423 3006; x_wconf 86' lang='lat' dir='ltr'>loeis</span> 
     </span>
     <span class='ocr_line' id='line_1_25' title="bbox 304 3044 1423 3128; baseline 0.005 -22"><span class='ocrx_word' id='word_1_177' title='bbox 304 3044 381 3106; x_wconf 84' lang='grc' dir='ltr'><strong><em>ἄλλο</em></strong></span> <span class='ocrx_word' id='word_1_178' title='bbox 404 3046 504 3108; x_wconf 89' lang='grc' dir='ltr'><strong><em>πάντα</em></strong></span> <span class='ocrx_word' id='word_1_179' title='bbox 529 3047 633 3120; x_wconf 86' lang='grc' dir='ltr'><strong><em>ἰσάζει.</em></strong></span> <span class='ocrx_word' id='word_1_180' title='bbox 892 3046 1031 3128; x_wconf 78' lang='grc' dir='ltr'><strong><em>δυολνυε,</em></strong></span> <span class='ocrx_word' id='word_1_181' title='bbox 1065 3067 1108 3111; x_wconf 83' lang='lat' dir='ltr'><strong><em>ex</em></strong></span> <span class='ocrx_word' id='word_1_182' title='bbox 1134 3047 1321 3112; x_wconf 87' lang='lat' dir='ltr'>voluntatis</span> <span class='ocrx_word' id='word_1_183' title='bbox 1352 3046 1423 3112; x_wconf 86' lang='lat' dir='ltr'>loco</span> 
     </span>
    </p>

    <p class='ocr_par' dir='ltr' id='par_1_7' title="bbox 891 3151 1424 3452">
     <span class='ocr_line' id='line_1_26' title="bbox 891 3151 1424 3220; baseline 0.004 -2"><span class='ocrx_word' id='word_1_184' title='bbox 891 3154 1022 3218; x_wconf 83' lang='lat' dir='ltr'><strong>....A</strong></span> <span class='ocrx_word' id='word_1_185' title='bbox 1054 3151 1218 3220; x_wconf 76' lang='lat' dir='ltr'>facultate</span> <span class='ocrx_word' id='word_1_186' title='bbox 1355 3153 1424 3220; x_wconf 86' lang='lat' dir='ltr'><strong><em>Nee</em></strong></span> 
     </span>
     <span class='ocr_line' id='line_1_27' title="bbox 891 3258 1423 3344; baseline 0.006 -20"><span class='ocrx_word' id='word_1_187' title='bbox 891 3259 981 3325; x_wconf 88' lang='lat' dir='ltr'>ultra</span> <span class='ocrx_word' id='word_1_188' title='bbox 1011 3258 1144 3325; x_wconf 87' lang='lat' dir='ltr'>videtur</span> <span class='ocrx_word' id='word_1_189' title='bbox 1177 3262 1423 3344; x_wconf 81' lang='lat' dir='ltr'>argumentatio</span> 
     </span>
     <span class='ocr_line' id='line_1_28' title="bbox 891 3365 1170 3452; baseline 0.007 -22"><span class='ocrx_word' id='word_1_190' title='bbox 891 3365 1041 3452; x_wconf 86' lang='lat' dir='ltr'>progredi</span> <span class='ocrx_word' id='word_1_191' title='bbox 1064 3387 1170 3452; x_wconf 89' lang='lat' dir='ltr'>posse.</span> 
     </span>
    </p>

    <p class='ocr_par' dir='ltr' id='par_1_8' title="bbox 303 3469 1424 4089">
     <span class='ocr_line' id='line_1_29' title="bbox 351 3469 1423 3556; baseline 0.007 -23"><span class='ocrx_word' id='word_1_192' title='bbox 351 3469 423 3550; x_wconf 90' lang='grc'><strong>151,</strong></span> <span class='ocrx_word' id='word_1_193' title='bbox 438 3470 496 3535; x_wconf 86' lang='lat'><strong><em>20:</em></strong></span> <span class='ocrx_word' id='word_1_194' title='bbox 521 3471 604 3536; x_wconf 81' lang='grc' dir='ltr'><strong><em>Ἔστι</em></strong></span> <span class='ocrx_word' id='word_1_195' title='bbox 631 3473 718 3555; x_wconf 88' lang='grc' dir='ltr'><strong><em>παρὰ</em></strong></span> <span class='ocrx_word' id='word_1_196' title='bbox 741 3480 836 3536; x_wconf 86' lang='grc' dir='ltr'><strong><em>ταῦτα</em></strong></span> <span class='ocrx_word' id='word_1_197' title='bbox 936 3473 1010 3556; x_wconf 83' lang='grc'><strong>328,</strong></span> <span class='ocrx_word' id='word_1_198' title='bbox 1020 3473 1075 3538; x_wconf 86' lang='grc'><strong><em>23;</em></strong></span> <span class='ocrx_word' id='word_1_199' title='bbox 1093 3472 1160 3538; x_wconf 85' lang='lat' dir='ltr'><strong><em>Sed</em></strong></span> <span class='ocrx_word' id='word_1_200' title='bbox 1170 3495 1239 3540; x_wconf 90' lang='lat' dir='ltr'><strong><em>non</em></strong></span> <span class='ocrx_word' id='word_1_201' title='bbox 1250 3474 1314 3542; x_wconf 86' lang='lat' dir='ltr'><strong><em>hoo</em></strong></span> <span class='ocrx_word' id='word_1_202' title='bbox 1326 3474 1423 3541; x_wconf 88' lang='lat' dir='ltr'>modo</span> 
     </span>
     <span class='ocr_line' id='line_1_30' title="bbox 303 3578 1424 3666; baseline 0.004 -24"><span class='ocrx_word' id='word_1_203' title='bbox 303 3579 392 3659; x_wconf 84' lang='grc' dir='ltr'><strong><em>ἕτερα</em></strong></span> <span class='ocrx_word' id='word_1_204' title='bbox 415 3579 482 3661; x_wconf 88' lang='grc' dir='ltr'><strong><em>εἴδη</em></strong></span> <span class='ocrx_word' id='word_1_205' title='bbox 507 3585 697 3662; x_wconf 85' lang='grc' dir='ltr'><strong><em>στοχασμῶν</em></strong></span> <span class='ocrx_word' id='word_1_206' title='bbox 718 3580 837 3644; x_wconf 81' lang='grc' dir='ltr'><strong><em>διπλῶν</em></strong></span> <span class='ocrx_word' id='word_1_207' title='bbox 891 3582 1027 3645; x_wconf 83' lang='lat' dir='ltr'>tantum</span> <span class='ocrx_word' id='word_1_208' title='bbox 1058 3578 1205 3666; x_wconf 77' lang='lat' dir='ltr'>duplices</span> <span class='ocrx_word' id='word_1_209' title='bbox 1237 3585 1318 3647; x_wconf 88' lang='lat' dir='ltr'>sunt</span> <span class='ocrx_word' id='word_1_210' title='bbox 1345 3602 1424 3646; x_wconf 88' lang='lat' dir='ltr'>oon·</span> 
     </span>
     <span class='ocr_line' id='line_1_31' title="bbox 303 3687 1424 3770; baseline 0.006 -23"><span class='ocrx_word' id='word_1_211' title='bbox 303 3687 380 3768; x_wconf 88' lang='grc' dir='ltr'><strong><em>τρία,</em></strong></span> <span class='ocrx_word' id='word_1_212' title='bbox 409 3688 466 3756; x_wconf 83' lang='grc' dir='ltr'><strong><em>οὓς</em></strong></span> <span class='ocrx_word' id='word_1_213' title='bbox 488 3687 649 3768; x_wconf 85' lang='grc' dir='ltr'><strong><em>καλοῦμεν</em></strong></span> <span class='ocrx_word' id='word_1_214' title='bbox 672 3689 837 3769; x_wconf 85' lang='grc' dir='ltr'><strong><em>συνεζευγ-</em></strong></span> <span class='ocrx_word' id='word_1_215' title='bbox 890 3688 1048 3770; x_wconf 82' lang='lat' dir='ltr'>iacturae,</span> <span class='ocrx_word' id='word_1_216' title='bbox 1065 3708 1182 3753; x_wconf 87' lang='lat' dir='ltr'>verum</span> <span class='ocrx_word' id='word_1_217' title='bbox 1198 3690 1234 3753; x_wconf 86' lang='lat' dir='ltr'><strong><em>et</em></strong></span> <span class='ocrx_word' id='word_1_218' title='bbox 1248 3688 1322 3753; x_wconf 87' lang='lat' dir='ltr'>aliis</span> <span class='ocrx_word' id='word_1_219' title='bbox 1338 3687 1424 3753; x_wconf 91' lang='lat' dir='ltr'>mul·</span> 
     </span>
     <span class='ocr_line' id='line_1_32' title="bbox 303 3794 1075 3876; baseline 0.006 -21"><span class='ocrx_word' id='word_1_220' title='bbox 303 3794 430 3874; x_wconf 79' lang='grc' dir='ltr'><strong><em>μένους,</em></strong></span> <span class='ocrx_word' id='word_1_221' title='bbox 462 3794 534 3856; x_wconf 82' lang='grc' dir='ltr'><strong><em>ὅτε</em></strong></span> <span class='ocrx_word' id='word_1_222' title='bbox 558 3795 720 3876; x_wconf 83' lang='grc' dir='ltr'><strong><em>ἐμπίπτων</em></strong></span> <span class='ocrx_word' id='word_1_223' title='bbox 742 3795 796 3857; x_wconf 84' lang='grc' dir='ltr'><strong><em>καὶ</em></strong></span> <span class='ocrx_word' id='word_1_224' title='bbox 820 3795 838 3857; x_wconf 85' lang='grc' dir='ltr'>ὁ</span> <span class='ocrx_word' id='word_1_225' title='bbox 892 3794 936 3859; x_wconf 82' lang='lat' dir='ltr'><strong><em>tis</em></strong></span> <span class='ocrx_word' id='word_1_226' title='bbox 960 3795 1075 3860; x_wconf 79' lang='lat' dir='ltr'>modio.</span> 
     </span>
     <span class='ocr_line' id='line_1_33' title="bbox 303 3901 836 3982; baseline 0.006 -21"><span class='ocrx_word' id='word_1_227' title='bbox 303 3901 684 3982; x_wconf 85' lang='grc' dir='ltr'><strong><em>πρακατασκευαζόμενος</em></strong></span> <span class='ocrx_word' id='word_1_228' title='bbox 725 3901 778 3964; x_wconf 79' lang='grc' dir='ltr'><strong><em>καὶ</em></strong></span> <span class='ocrx_word' id='word_1_229' title='bbox 818 3902 836 3964; x_wconf 86' lang='grc' dir='ltr'>ὁ</span> 
     </span>
     <span class='ocr_line' id='line_1_34' title="bbox 305 4008 687 4089; baseline 0.005 -21"><span class='ocrx_word' id='word_1_230' title='bbox 305 4008 687 4089; x_wconf 81' lang='grc' dir='ltr'><strong><em>συγκατασκευαζόμενος.</em></strong></span> 
     </span>
    </p>

    <p class='ocr_par' dir='ltr' id='par_1_9' title="bbox 304 4111 1426 4306">
     <span class='ocr_line' id='line_1_35' title="bbox 353 4111 1425 4198; baseline 0.007 -24"><span class='ocrx_word' id='word_1_231' title='bbox 353 4111 424 4193; x_wconf 90' lang='grc'><strong>151,</strong></span> <span class='ocrx_word' id='word_1_232' title='bbox 441 4111 501 4175; x_wconf 85' lang='grc'><strong><em>22;</em></strong></span> <span class='ocrx_word' id='word_1_233' title='bbox 537 4113 555 4176; x_wconf 86' lang='grc' dir='ltr'>ὁ</span> <span class='ocrx_word' id='word_1_234' title='bbox 584 4113 644 4196; x_wconf 85' lang='grc' dir='ltr'><strong><em>μὲν</em></strong></span> <span class='ocrx_word' id='word_1_235' title='bbox 674 4115 838 4196; x_wconf 83' lang='grc' dir='ltr'><strong><em>ἐμπίπτων</em></strong></span> <span class='ocrx_word' id='word_1_236' title='bbox 937 4114 1012 4198; x_wconf 83' lang='grc'><strong>328,</strong></span> <span class='ocrx_word' id='word_1_237' title='bbox 1025 4115 1081 4180; x_wconf 81' lang='lat'><strong><em>24:</em></strong></span> <span class='ocrx_word' id='word_1_238' title='bbox 1105 4114 1225 4181; x_wconf 81' lang='lat' dir='ltr'>Incidit</span> <span class='ocrx_word' id='word_1_239' title='bbox 1240 4115 1329 4181; x_wconf 89' lang='lat' dir='ltr'>enim</span> <span class='ocrx_word' id='word_1_240' title='bbox 1345 4137 1425 4182; x_wconf 84' lang='lat' dir='ltr'>eon·</span> 
     </span>
     <span class='ocr_line' id='line_1_36' title="bbox 304 4219 1426 4306; baseline 0.008 -26"><span class='ocrx_word' id='word_1_241' title='bbox 304 4219 425 4300; x_wconf 83' lang='grc' dir='ltr'><strong><em>γίνεται,</em></strong></span> <span class='ocrx_word' id='word_1_242' title='bbox 457 4221 531 4283; x_wconf 87' lang='grc' dir='ltr'><strong><em>ὅταν</em></strong></span> <span class='ocrx_word' id='word_1_243' title='bbox 555 4222 587 4283; x_wconf 84' lang='grc' dir='ltr'><strong><em>ἒν</em></strong></span> <span class='ocrx_word' id='word_1_244' title='bbox 613 4228 651 4304; x_wconf 84' lang='grc' dir='ltr'><strong><em>τῇ</em></strong></span> <span class='ocrx_word' id='word_1_245' title='bbox 673 4223 839 4303; x_wconf 86' lang='grc' dir='ltr'><strong><em>μεταθέσει</em></strong></span> <span class='ocrx_word' id='word_1_246' title='bbox 892 4220 1022 4286; x_wconf 80' lang='lat' dir='ltr'>iectura</span> <span class='ocrx_word' id='word_1_247' title='bbox 1055 4223 1089 4287; x_wconf 91' lang='lat' dir='ltr'><strong><em>in</em></strong></span> <span class='ocrx_word' id='word_1_248' title='bbox 1125 4223 1359 4306; x_wconf 76' lang='lat' dir='ltr'>coniecturam,</span> <span class='ocrx_word' id='word_1_249' title='bbox 1396 4224 1426 4289; x_wconf 87' lang='lat' dir='ltr'><strong><em>si</em></strong></span> 
     </span>
    </p>
   </div>
   <div class='ocr_carea' id='block_1_3' title="bbox 0 0 1609 5054">
    <p class='ocr_par' dir='ltr' id='par_1_10' title="bbox 0 0 1609 5054">
     <span class='ocr_line' id='line_1_37' title="bbox 0 0 1609 5054; baseline 0 0"><span class='ocrx_word' id='word_1_250' title='bbox 0 0 1609 5054; x_wconf 95' lang='lat' dir='ltr'><strong><em> </em></strong></span> 
     </span>
    </p>
   </div>
  </div>
 </body>
</html>
