3224 5044
761 379 980 442 -48-

312 582 407 640 γορος
438 609 444 620 .
469 611 475 623 .
509 559 674 638 όριστικῶς
706 559 838 631 ἐξετάσει
869 560 948 622 ἔστιν
980 559 1039 630 ὅτε,
1075 558 1121 627 ὡς
1151 558 1201 620 ἐπὶ
1231 565 1286 621 τοῦ
1310 559 1432 621 καλλω-

310 667 483 746 πιζομένου
514 666 680 746 μειρακίου
712 666 766 728 καί
795 667 943 748 πορνείας
974 665 1147 747 φεύγοντος
1170 685 1176 697 ·
1201 665 1278 728 αὐτὸ
1310 665 1369 747 γὰρ
1397 665 1432 728 τὸ

311 772 565 844 καλλωπίζεσθαι
586 772 666 834 καθ’
692 772 785 834 ἑαυτὸ
808 773 957 854 πορνείαν
980 773 1047 855 ἐρεῖ
1067 773 1085 833 ὁ
1113 773 1290 855 κατήγορος
1312 773 1432 855 βιαίως.

312 881 331 962 ἡ
354 879 461 960 μέντοι
483 879 603 960 πιθανὴ
628 879 781 960 ἀπολογία
812 879 977 942 κάνταῦθα
1002 880 1187 952 ἐκλέλοιπεν,
1219 881 1432 943 ἀντεισακτέον

312 985 347 1048 δὲ
369 987 413 1054 εἰς
434 984 470 1047 τὸ
493 985 573 1048 καθ’
592 985 706 1067 ἑαυτὴν
726 986 899 1067 κεφάλαιον
922 986 957 1048 τὸ
980 985 1026 1068 μὴ
1052 987 1259 1068 ἀναστρέφειν
1273 986 1309 1049 τὸ
1332 992 1432 1067 πρᾶγ-

311 1117 357 1174 μα
383 1109 389 1121 ·
413 1093 515 1174 τούτῳ
539 1093 598 1174 γάρ
622 1094 682 1156 εὀτι
706 1093 758 1155 καί
785 1093 879 1175 μόνῳ
903 1094 1116 1175 ἰσχυρίζεσθαι
1139 1094 1285 1166 ἐνταῦθα,
1314 1093 1381 1156 οἶον
1404 1094 1435 1155 οἱ

310 1199 370 1280 μὲν
392 1200 556 1281 μέλλοντες
578 1207 739 1281 τυραννεῖν
762 1201 843 1263 ὅπλα
866 1201 1168 1283 παρασκευάζονται,
1201 1200 1239 1262 οὐ
1261 1200 1327 1282 μὴν
1351 1201 1434 1279 οἵγε

312 1307 626 1388 παρασκευαζόμενοι
660 1307 713 1370 καὶ
747 1307 904 1387 τυραννίδι
939 1307 1124 1370 ἐπιτίθενται
1155 1325 1162 1340 ·
1194 1308 1255 1370 ἔστι
1286 1306 1346 1388 γὰρ
1381 1307 1434 1368 καὶ

312 1413 407 1475 ἄλλου
429 1412 511 1482 τινὸς
535 1415 626 1476 ἕνεκα
648 1409 955 1495 παρασκευάσασθαι
983 1413 1065 1476 ὅπλα
1097 1414 1151 1476 καί
1182 1415 1282 1486 πάλιν,
1316 1414 1347 1475 οἱ
1375 1414 1434 1494 μὲν

311 1520 517 1601 πορνεύονιες
540 1521 797 1593 καλλωπίζονται,
821 1521 858 1583 οὗ
882 1520 946 1603 μὴν
967 1522 1002 1583 οἵ
1019 1544 1053 1601 γε
1068 1520 1339 1601 καλλωπιζόμενοι
1354 1521 1432 1581 πάν-

311 1650 374 1696 τως
396 1627 451 1689 καί
472 1627 681 1709 πορνεύουσιν
696 1642 703 1655 ’
720 1629 781 1690 ἔστι
804 1627 865 1709 γάρ
885 1627 939 1690 καὶ
963 1627 998 1690 δι’
1025 1627 1100 1690 ἄλλο
1122 1651 1149 1690 τι
1171 1626 1432 1700 καλλωπίζεσθαι.

221 1734 224 1741 “
311 1731 361 1796 Ao
392 1732 643 1797 conversionem
673 1733 782 1817 ipsam
805 1736 977 1816 tamquam
1009 1732 1185 1797 obrussam
1207 1732 1328 1818 proprii
1360 1751 1433 1795 esse

313 1838 510 1903 Aristoteles
540 1838 593 1903 his
624 1839 733 1903 verbis
765 1837 878 1903 docuit
909 1841 987 1924 (top.
1004 1838 1050 1903 15
1074 1860 1103 1924 p.
1123 1839 1186 1903 102
1199 1859 1228 1919 a,
1245 1839 1314 1920 18):
1339 1838 1433 1901 Ἴὸιον

313 1946 428 2010 ὃέὀτλν
451 1948 470 2008 ὃ
492 1946 538 2028 μὴ
571 1946 664 2028 δηλοῖ
694 1947 753 2027 μὲν
776 1945 811 2008 τὸ
834 1947 864 2008 τί
883 1945 923 2028 ἦν
946 1945 1031 2019 εἶναι,
1070 1947 1164 2029 μόνῳ
1187 1947 1357 2027 δ’ὑπάρχει
1380 1945 1434 2007 καὶ

312 2055 593 2135 ἀντικατηγορεῖται
630 2059 685 2115 τοῦ
724 2053 918 2135 πράγματος,
958 2053 1025 2116 οἷον
1064 2053 1143 2116 ἴδιον
1181 2053 1360 2134 ἀνθρώπου
1397 2051 1432 2113 τὸ

313 2166 532 2242 γραμματικῆς
554 2158 630 2222 εῖναι
653 2160 795 2222 δεκτικόν
819 2174 827 2190 ·
852 2162 880 2223 εί
900 2160 961 2241 γὰρ
985 2160 1161 2241 ἄνθρωπός
1184 2161 1253 2232 ἔστι,
1285 2181 1432 2241 γραμμο-

311 2273 397 2348 τικῆς
423 2267 563 2336 ὃεκτικός
579 2267 648 2340 έστι,
672 2268 726 2329 καὶ
749 2269 778 2330 εί
799 2273 1018 2349 γραμματικῆς
1036 2267 1176 2336 ὀεκτικός
1191 2267 1279 2338 ἐστιν,
1303 2266 1432 2348 ἅνθρω-

312 2374 372 2442 πός
407 2374 494 2438 ἔστιν.
540 2370 584 2438 Of.
601 2371 677 2437 ibid.
693 2371 791 2436 Vlla
820 2393 849 2458 p.
874 2371 936 2436 154
952 2393 981 2442 a.
1002 2371 1062 2436 36:
1098 2375 1140 2435 ἔτι
1174 2372 1434 2445 κατασκευάζοντι

311 2481 371 2563 μὲν
393 2480 538 2544 καθόλου
563 2482 681 2544 οἰστέον
709 2481 915 2562 συλλογισμόν
940 2500 946 2513 ·
972 2481 1021 2543 θεῖ
1049 2480 1109 2562 γὰρ
1139 2480 1218 2543 κατὰ
1250 2479 1365 2548 παντὸς
1395 2475 1434 2542 οὗ

311 2590 452 2670 τοῦνομα
485 2588 729 2670 κατηγορεῖσθαι
755 2587 809 2650 τὸν
840 2588 926 2669 όρον,
957 2587 1011 2650 καὶ
1042 2589 1083 2650 ἔτι
1105 2587 1188 2669 πρὸς
1209 2587 1329 2656 τούτοις
1352 2587 1433 2649 ἀντι-

313 2697 464 2776 στρέφειν,
495 2696 524 2757 εἰ
551 2695 654 2775 μέλλει
687 2693 765 2764 ἴδιος
796 2693 871 2758 εἶναι
895 2695 913 2757 ὁ
937 2694 1111 2764 ἀποδοθεὶς
1139 2696 1222 2775 ὅρος.
1269 2694 1315 2757 At
1346 2692 1434 2757 enim

312 2799 375 2864 hoo
399 2801 613 2885 praecaptum
645 2820 712 2864 non
736 2802 789 2865 est
812 2799 1028 2866 observatum
1062 2800 1098 2864 in
1129 2802 1224 2864 statu
1247 2798 1431 2879 definitivo,

313 2905 370 2970 ubi
393 2905 501 2970 altera
524 2903 672 2971 definitio
696 2926 765 2971 non
797 2928 835 2973 eo
865 2905 1044 2988 refutatur,
1077 2905 1166 2992 quod
1189 2905 1376 2970 subiectum
1400 2907 1435 2970 et

312 3011 541 3098 praedicatum
555 3012 643 3077 inter
666 3034 702 3077 se
727 3015 924 3079 commutari
946 3034 1014 3078 non
1029 3033 1128 3098 posse
1152 3012 1348 3095 ostenditur,
1374 3009 1434 3076 sed

313 3141 362 3203 eo,
399 3119 487 3206 quod
522 3118 657 3206 aliquid
682 3119 797 3185 deesse
833 3119 1083 3185 demonstratur
1117 3117 1166 3201 (V.
1191 3119 1301 3184 Herm.
1329 3117 1435 3204 Spss

315 3227 388 3310 138,
402 3226 490 3311 221).
546 3227 650 3292 immo
681 3225 739 3292 illa
766 3225 870 3291 verba
892 3225 1113 3308 Hermogenis
1146 3246 1222 3291 eum
1245 3223 1433 3292 Aristotelis

314 3353 415 3418 supra
438 3337 631 3418 comparata
654 3333 695 3398 ad
720 3335 893 3415 κεφάλαιον
911 3341 967 3396 τοῦ
985 3341 1165 3416 στοχασμοῦ
1188 3332 1377 3398 referuntur
1400 3333 1434 3397 ei

314 3441 434 3506 docent
466 3440 738 3506 constitutionem
767 3438 976 3506 definitivam
987 3440 1012 3525 ί)
1046 3460 1113 3506 nou
1137 3438 1235 3526 plane
1268 3437 1433 3521 segregari

314 3569 335 3612 a
358 3547 555 3631 coniectura,
589 3547 747 3633 quoniam
771 3546 911 3631 signum,
945 3568 986 3612 ex
1010 3567 1075 3631 quo
1108 3547 1142 3611 in
1165 3546 1229 3612 hae
1260 3544 1431 3628 colligitur.

313 3653 472 3741 quiddam
494 3653 661 3740 proprium
687 3656 748 3718 est.

403 3904 421 3973 ¹)
442 3903 483 3956 ef.
504 3901 612 3974 Syriani
637 3902 667 3955 in
691 3903 820 3972 Hermog.
847 3917 947 3955 eornm.
975 3900 1290 3971 v01.11p.103‚2en.:
1315 3899 1364 3969 χρὴ
1382 3899 1432 3969 γὰρ

313 3992 353 4044 ἀεὶ
376 3992 423 4044 τὸν
446 3991 495 4060 μὲν
518 3989 664 4060 κατήγορον
687 3991 744 4046 τοῖς
765 3991 958 4060 πεπραγμένοις
984 3990 1170 4061 ἰσχυρίζεσθαι,
1193 3992 1240 4041 τὸν
1258 3985 1286 4041 δὲ
1305 3987 1432 4058 φεύγοντα

312 4085 367 4137 τοῖς
384 4079 508 4134 λείπουσι.
529 4119 535 4132 .
556 4119 562 4132 .

402 4188 423 4256 ²)
444 4187 484 4240 Of.
504 4186 686 4255 Hermogenis
706 4187 791 4240 verba
809 4186 944 4256 ὁριστικῶς
962 4184 1085 4249 ἐξετάσει.
