3198 5054
587 499 630 506 -—
680 460 742 525 123

191 638 222 705 4.
244 641 335 704 Κατὰ
358 640 394 703 τὸ
412 642 614 722 ἀντιστρέφον
637 638 679 724 (p.
779 641 844 702 κατ’
862 641 986 721 ἄπορον
1007 637 1104 722 (Fert.
1114 657 1144 722 p.
1158 636 1271 721 83,14;

152 746 221 828 136,
232 747 273 827 21,
291 747 358 811 οἷον
374 748 483 830 ἀπῄτει
498 771 542 817 τις
558 748 681 810 δάνειον
735 745 774 811 ο1.
787 745 870 827 Aug.
883 766 912 830 p.
927 744 1051 828 147,10
1065 748 1099 810 et
1110 743 1130 808 J
1132 743 1174 809 ul.
1185 743 1269 809 Vict.

150 856 201 918 καὶ
228 856 352 927 τόκους,
381 855 399 917 ὁ
430 855 466 918 δὲ
495 877 679 936 παρακατο-
735 874 765 938 p.
779 851 853 933 375,
864 853 909 936 8),
933 854 973 916 ut
988 850 1127 936 petebat
1143 851 1186 916 ab
1205 850 1269 917 alio

149 964 254 1044 θήκην
267 963 404 1043 φάσκων
420 963 500 1043 ἔχειν
517 963 577 1024 οὐκ
594 961 681 1043 ὀφεί-
736 979 873 1024 usuram
898 958 995 1043 quasi
1015 959 1176 1043 pecuniae
1200 978 1270 1023 cre·

149 1070 209 1132 λειν
232 1069 316 1150 ἔλεγε
338 1069 462 1138 τόκους.
485 1068 602 1150 μεταξὺ
625 1092 680 1132 πε-
737 1064 839 1131 ditae:
860 1065 916 1130 ille
932 1066 1101 1150 accepisse
1118 1086 1154 1130 se
1169 1085 1270 1149 pecu-

148 1177 271 1258 ποίηται
313 1181 418 1258 χρεῶν
456 1175 626 1245 ἀποκοπὰς
663 1175 682 1238 ὁ
736 1173 828 1238 niam
841 1171 1076 1254 confitebatur,
1094 1171 1154 1236 sed
1167 1170 1269 1256 depo·

151 1283 260 1364 ὂῆμος,
288 1283 342 1345 καὶ
369 1283 470 1364 ὁμὲν
501 1283 548 1352 ὡς
578 1305 680 1364 παρα-
737 1279 838 1345 sitam
878 1282 912 1344 et
949 1277 1068 1345 idcirco
1108 1279 1194 1344 velle
1234 1299 1270 1344 se

148 1391 334 1472 καταθήκην
365 1389 483 1472 ἀπῄτει,
517 1390 535 1452 ὁ
567 1389 601 1452 δὲ
634 1390 681 1459 ὡς
734 1387 910 1453 restituere
928 1389 1052 1453 sortem
1070 1386 1142 1452 sine
1160 1407 1270 1452 usura.
1367 1387 1369 1391 ’

147 1499 240 1578 χρέος
263 1497 323 1559 οὐκ
347 1497 481 1578 ὀφείλειν
504 1497 614 1578 ἔλεγεν.
735 1492 908 1559 Pandente
929 1495 1058 1559 interea
1077 1493 1198 1558 iudicio
1216 1491 1270 1558 lex

736 1599 776 1666 de
808 1600 906 1666 novis
936 1599 1062 1666 tabulis
1094 1600 1166 1666 lata
1201 1603 1269 1665 est:

735 1707 857 1792 repetit
879 1707 934 1773 ille
958 1707 1056 1792 quasi
1072 1707 1268 1793 depositam,

734 1814 789 1880 ille
821 1814 945 1880 retinet
975 1814 1073 1900 quasi
1102 1813 1269 1879 creditam.

236 1957 294 2024 uis
310 1957 537 2042 Hermogenes
561 1958 623 2023 has
648 1959 773 2043 species
798 1956 940 2023 addidit:
963 1958 1094 2023 κατὰτὸ
1112 1960 1270 2022 ἀπίθανον

150 2064 189 2149 (p.
208 2065 385 2151 13111211)
425 2067 504 2129 κατὰ
543 2067 578 2130 τὸ
614 2067 769 2130 ἀδύνατον
807 2063 894 2147 (ibid.
911 2064 966 2129 lin.
986 2064 1076 2153 14),²)
1115 2066 1194 2129 κατὰ
1233 2065 1268 2129 τὸ

148 2173 264 2246 ἄδοξον
287 2171 377 2258 (ibid.
393 2171 448 2237 lin.
468 2172 556 2259 161.)

235 2280 320 2344 Turn
344 2278 556 2365 problemata
578 2300 687 2365 paene
718 2300 787 2344 non
811 2280 1030 2345 consistentia
1062 2279 1105 2344 ab
1128 2277 1269 2344 Herma-

150 2406 228 2468 gora
251 2387 359 2472 petita
382 2407 465 2470 esse,
499 2406 704 2471 quamquam
727 2407 795 2452 non
819 2386 945 2452 absunt
969 2387 1011 2451 ab
1037 2386 1108 2451 eius
1131 2386 1268 2452 umbra-

149 2493 198 2556 tili
222 2491 380 2576 doctrina,
404 2495 518 2558 tamen
543 2492 772 2560 demonstrare
795 2494 982 2579 nequimus

237 2600 364 2680 Quibus
381 2601 580 2686 praepositis
597 2599 825 2683 Hermogenes
850 2621 925 2665 cum
949 2598 990 2665 ad
1016 2602 1168 2665 statuum
1191 2621 1268 2686 par-

148 2707 300 2772 titionem
325 2707 457 2790 transit,
483 2697 648 2772 aTemnii
672 2707 874 2772 auctoritate
897 2707 1031 2790 recedit,
1056 2707 1177 2794 quippe
1201 2706 1267 2792 qui,

147 2817 186 2879 ut
202 2814 427 2896 cognOVimUS,
452 2816 624 2880 antaeum
640 2815 795 2880 notiones
818 2817 1038 2898 καταφάσεως,
1063 2817 1268 2898 ἀποφάσεως,

148 2925 254 2995 αἰτίου,
284 2925 471 3006 συνέχοντος
500 2925 541 2986 ut
571 2919 793 2987 fundamenta
823 2924 963 2992 στάσεως
993 2920 1048 2986 vel
1078 2925 1268 3005 κρινομένου

147 3031 385 3114 praetereaque
411 3049 588 3094 causarum
610 3028 737 3111 figuras
762 3027 985 3112 explicaverit.

235 3135 302 3200 Sed
316 3135 385 3201 iam
401 3138 554 3201 statuum
567 3135 813 3220 discriptionem
829 3136 872 3200 ab
884 3134 1092 3216 Hermogene
1109 3133 1281 3200 traditam·

148 3243 365 3326 excutiamus
398 3242 566 3329 adquam
596 3264 666 3307 rem
691 3240 895 3308 commodius
919 3239 1133 3328 comparandi
1165 3239 1269 3306 causa

147 3369 177 3433 p.
197 3348 259 3413 120
275 3370 323 3434 sq.
346 3348 484 3415 tabulae
507 3349 604 3414 nobis
627 3349 816 3436 propositae
841 3351 929 3416 sunt.

236 3455 385 3535 Quarum
416 3456 689 3522 distributionum
720 3456 956 3522 convenientia
985 3457 1020 3521 in
1049 3476 1087 3520 eo
1113 3455 1266 3538 cernitur,

148 3561 237 3648 quod
267 3563 301 3627 in
333 3566 475 3648 utraque
506 3563 625 3628 tabula
657 3563 758 3629 iidem
791 3566 902 3628 status
933 3561 1145 3649 principaleS,
1178 3562 1268 3627 anti-

146 3669 271 3751 thetici,
296 3668 430 3754 legaleS,
456 3670 602 3756 qualitas
625 3669 816 3735 iuridicialis
840 3674 875 3736 et
897 3669 1084 3752 negotialis
1112 3667 1269 3734 absoluta

147 3780 181 3841 et
212 3774 427 3863 adsumptiva
459 3780 604 3842 exstant.
654 3776 727 3842 Hae
758 3779 873 3842 autem
905 3780 985 3842 sunt
1017 3777 1267 3861 discrepantiae.

146 3884 195 3948 Ac
217 3885 322 3970 primo
346 3883 480 3970 quidem
503 3887 642 3971 aspectu
662 3885 881 3967 Hermogenis
904 3886 1069 3970 propriam
1094 3905 1168 3950 esse
1191 3905 1267 3969 par-

235 4096 254 4166 1)
272 4097 316 4151 uf.
335 4098 412 4152 Fort.
431 4114 457 4167 p.
471 4097 514 4161 83,
525 4097 560 4152 27
580 4100 609 4152 et
629 4098 704 4167 Sulp.
724 4097 797 4152 Vict.
816 4114 842 4167 p.
857 4097 971 4161 315,29.

234 4186 253 4256 ⁹)
273 4187 341 4240 ibid.
361 4203 387 4256 p.
400 4187 443 4250 83,
455 4186 499 4240 24.

234 4275 253 4345 ³)
274 4276 350 4346 Sulp.
370 4277 441 4329 Vict.
461 4293 487 4346 p.
502 4276 561 4340 315,
573 4276 615 4329 28.
