3224 5044
525 425 854 529 ,⁸5¹-

181 607 267 686 utar,
292 605 486 686 reciperer..
511 605 544 666 έν
564 606 666 687 σχέσει
681 605 735 668 καὶ
758 605 937 687 ἀκολουθίᾳ
960 605 1014 668 καὶ
1036 605 1187 670 ὑποθέσει
1209 630 1304 688 μεια-

182 711 365 792 λαμβάνειει
388 711 432 780 εἶς
454 711 596 792 ὕπαρξιν.
608 710 633 794 1)
664 709 776 795 Atque
799 711 881 775 item
903 713 998 776 statu
1022 709 1171 776 eiusdem
1194 711 1304 776 nomi·

183 816 235 880 nis
259 817 439 900 quaeritur,
464 815 642 881 cuidamne
666 816 860 900 condicioni,
891 839 909 883 e
933 838 1001 903 qua
1022 817 1147 905 pendet
1169 818 1222 883 ius
1246 839 1304 884 ac·

182 922 294 1004 tionis,
320 921 532 989 satisfactum
557 924 610 1005 sit,
640 923 711 990 sive
735 944 874 990 causam
903 945 963 989 suo
992 927 1142 1011 tempore
1166 927 1237 991 sive
1261 925 1304 990 ab

185 1049 232 1111 ec,
258 1029 354 1095 cuius
370 1032 422 1094 est
438 1050 604 1112 accusare,
627 1032 698 1112 sive
716 1028 760 1097 ad
777 1052 834 1097 eos
849 1031 984 1114 iudices,
1005 1031 1047 1097 ad
1064 1053 1148 1118 quos
1166 1034 1304 1118 oportet,

183 1134 329 1202 delatam
352 1157 426 1202 esse
448 1157 526 1202 reus
549 1139 696 1224 negat')
744 1139 835 1218 Quae
860 1137 1042 1204 similitudo
1066 1137 1130 1204 hoc
1154 1139 1304 1226 exemplo

183 1242 366 1308 secundum
390 1242 527 1310 scbema
542 1243 727 1331 syllogismi
742 1245 965 1332 hypothetici:
999 1245 1055 1311 »Si
1072 1245 1100 1310 A
1116 1249 1179 1329 est,
1195 1246 1222 1311 B
1239 1249 1305 1330 est3

12 1339 20 1352 ’
113 1392 115 1396 .
183 1351 277 1436 atqui
299 1350 331 1415 A
360 1353 428 1433 est;
459 1371 535 1433 ergo
569 1354 623 1417 est
650 1351 704 1418 Β.«
718 1352 742 1434 ⁸)
771 1352 982 1418 conformato
1010 1352 1140 1439 planior
1164 1353 1223 1446 lit:
1270 1353 1304 1420 Si

183 1457 371 1523 istiusmodi
396 1479 533 1524 causam
557 1459 600 1524 ad
624 1479 682 1524 eos
706 1459 841 1542 iudices,
870 1481 974 1545 penes
997 1480 1082 1544 quos
1106 1459 1304 1546 disceptatio

184 1564 254 1629 eius
277 1585 346 1629 non
375 1567 435 1649 est,
469 1564 586 1647 defers,
617 1567 669 1631 ius
702 1568 843 1632 actionis
873 1587 942 1632 non
972 1566 1087 1632 habes.
1133 1568 1238 1652 Atqui
1261 1566 1305 1633 ad

182 1670 310 1737 alienos
333 1670 458 1738 iudicas
486 1693 557 1738 rem
581 1673 703 1755 deters;
735 1693 844 1758 neque
872 1673 974 1756 igitur
1000 1673 1071 1739 iure
1100 1673 1219 1757 litigas
1266 1675 1304 1740 In

183 1799 247 1864 quo
279 1777 471 1865 syllogismo
500 1801 518 1844 e
547 1778 705 1866 loquendi
734 1781 975 1847 consuetudine
1007 1780 1304 1866 Peripateticorum

181 1882 271 1949 istud
289 1887 517 1952 enuntiatum:
538 1885 602 1952 »ad
617 1885 744 1953 alienos
760 1885 886 1953 iudices
902 1908 971 1953 rem
984 1886 1112 1954 defers«
1130 1890 1304 1973 μετάληψις

182 1990 380 2077 appellatur,
412 1996 514 2079 atque
545 1993 642 2075 idem,
675 2015 752 2059 oum
782 1997 958 2061 accusator
990 1995 1193 2061 contrarium
1222 2016 1303 2062 con-

181 2098 300 2182 tendit,
338 2101 569 2185 quaestionem
602 2101 698 2184 facit,
740 2105 864 2185 agatne
904 2105 1079 2168 accusator
1117 2102 1206 2188 apud
1246 2124 1303 2169 eos

180 2204 317 2290 iudices,
358 2207 447 2292 apud
478 2228 562 2293 quos
598 2211 739 2294 oportet,
774 2229 877 2295 quam
912 2208 1046 2294 quidem
1080 2207 1303 2293 Hermagoras

181 2314 357 2396 μετάληψιν
379 2314 524 2380 vocavit.

269 2437 339 2503 lam
371 2409 518 2504 statibus
548 2439 769 2505 rationalibus
800 2439 954 2506 tractatis
983 2439 1024 2506 de
1048 2442 1303 2526 quaestionibus

125 2596 128 2602 .
180 2542 344 2626 legalibus
367 2545 451 2612 baec
474 2547 626 2612 notanda
649 2550 737 2612 sunt.

270 2669 308 2735 ln
332 2691 374 2736 ea
397 2673 633 2762 controversia,
659 2694 745 2758 quae
770 2693 812 2738 ex
836 2673 957 2758 scripto
982 2677 1017 2738 et
1040 2673 1210 2738 sententia
1226 2694 1303 2739 con-

183 2776 283 2858 sistit,
308 2782 342 2843 et
365 2779 400 2842 in
425 2799 473 2859 ea,
497 2799 583 2864 quae
609 2793 650 2843 ex
667 2781 839 2844 contrariis
856 2779 984 2862 legibus
1000 2780 1159 2862 nascitur,
1171 2779 1197 2866 4)
1222 2801 1301 2846 con-

180 2883 309 2949 tinetur
319 2882 353 2949 id
367 2887 469 2970 caput
482 2886 691 2971 (scordiscos),
709 2886 797 2971 quod
814 2886 932 2952 dicitur
946 2887 1028 2970 τὸμὴ
1040 2889 1303 2971 προσδιωρίσθω,

183 2991 271 3076 quod
294 2990 520 3074 Hermogenes
544 2995 635 3058 certa
659 3013 762 3057 causa
785 2994 956 3078 proposita
973 2993 1020 3058 sic
1035 2997 1184 3060 enarrat:
1209 2997 1303 3060 οὐδὲν

180 3101 302 3163 τούτων
324 3100 554 3182 προσδιώρισεν
578 3101 596 3162 ὁ
619 3101 806 3183 νομοθέτης,
836 3102 1017 3171 attentas
1044 3101 1109 3164 εἶπε
1135 3102 1190 3166 τὸν
1213 3105 1303 3175 ξένον

179 3206 225 3288 μὴ
258 3207 382 3272 ἀνιέναι.
437 3206 528 3285 Quae
556 3206 661 3271 verba
694 3205 890 3271 discriminis
923 3207 1182 3287 enuntiatorum,
1215 3228 1302 3292 quae

180 3310 278 3376 modo
311 3313 430 3394 ἁπλῶς,
466 3311 564 3376 modo
597 3315 847 3397 προσὸιορίοτως
882 3315 1120 3399 exprimuntur,
1155 3335 1177 3378 a
1210 3311 1302 3379 Peri-

180 3419 336 3503 pateticis
367 3419 481 3502 faede)
509 3419 704 3485 memoriam
728 3420 886 3487 adferunt.
932 3421 1111 3486 Praeterea
1132 3421 1165 3487 id
1190 3424 1301 3507 caput,

181 3524 268 3612 quod
285 3530 464 3612 ἀπινομίας
479 3528 647 3614 proprium
668 3530 761 3610 est‚⁶)
786 3527 845 3594 sed
869 3529 972 3594 ctiam
994 3529 1222 3614 ἱοάμφιβολίᾳ
1245 3550 1302 3611 oc-

273 3813 290 3881 ι)
310 3811 341 3866 V.
361 3807 481 3867 Prantlii
499 3813 565 3867 hist.
584 3814 639 3882 log.
660 3812 710 3883 lp.
723 3812 784 3878 384,
804 3813 870 3870 adn.
882 3813 925 3868 65.

270 3901 289 3971 ²)
309 3901 391 3955 Auct.
411 3903 447 3956 ad
466 3902 531 3957 Her.
550 3903 618 3966 112,
630 3901 672 3956 22.

270 3989 289 4060 ⁸)
308 3991 407 4044 Prantl
425 3990 443 4044 l.
462 3991 508 4048 all.
527 4009 553 4062 p.
567 3992 627 4045 385.

271 4079 291 4146 ⁴)
310 4079 403 4133 Herm.
425 4079 471 4150 Sp.
485 4081 511 4134 II
531 4079 648 4145 168‚15;
671 4079 729 4144 170,
740 4083 765 4136 5.

270 4169 289 4237 ἢ)
309 4168 407 4224 Prantl
426 4170 442 4223 l.
463 4169 508 4223 all.
528 4185 555 4240 p.
568 4169 628 4224 359.

270 4257 289 4326 θ)
309 4258 401 4312 Herm.
423 4259 468 4328 Sp.
488 4257 644 4324 11169,17;
666 4257 760 4322 171,6.
