3198 5054
766 424 1012 489 *110—

327 601 602 668 circumstantiae
626 601 777 687 partibus
801 603 937 667 remotis
952 601 1105 666 infinitas
1121 599 1377 686 reconditasque
1395 621 1454 666 eas

328 709 596 794 interpretamur,
622 709 664 774 ab
690 729 730 774 ea
754 729 828 774 esse
853 707 991 790 alenae,
1016 728 1102 793 quae
1126 707 1295 793 popularis
1318 707 1454 773 intelle-

330 815 465 898 gentiae
488 815 638 883 terminis
664 818 783 901 saepta
806 814 915 880 fuerit.

418 921 548 1003 Restat,
579 925 620 986 ut
650 920 690 986 de
721 921 913 987 notionibus
950 923 1059 1006 cirion,
1092 924 1286 1004 σονέχονιος,
1315 924 1455 994 στάσεως

329 1050 351 1093 a
374 1027 453 1094 viris
478 1027 583 1094 doctis
616 1026 725 1094 adhuc
755 1029 788 1092 in
825 1027 1051 1093 controversia
1078 1027 1200 1092 relictis
1235 1047 1453 1113 exponamus.

419 1154 468 1218 Ac
498 1154 640 1238 primum
672 1151 805 1237 quidem
835 1154 871 1216 τὸ
904 1156 1036 1236 συνέχον
1069 1151 1347 1218 considerandum
1381 1171 1455 1218 esse

330 1259 410 1325 mihi
445 1259 586 1324 videtur.
643 1259 673 1324 A
709 1259 840 1344 propria
879 1259 1123 1341 significatione
1162 1259 1263 1324 huius
1298 1259 1457 1326 vocabuli

331 1367 412 1432 artis
436 1364 575 1451 profecti
598 1365 741 1430 dissonis
765 1366 934 1430 rhetorum
952 1364 1230 1450 explicationibus
1246 1367 1336 1432 nunc'
1353 1366 1454 1432 omis-

330 1473 377 1538 sis
409 1493 609 1558 quaeramus
641 1474 785 1559 oportet,
817 1471 896 1557 quid
926 1473 961 1537 in
993 1492 1032 1536 eo
1065 1472 1163 1537 simul
1193 1471 1455 1555 intellegendum

331 1579 383 1644 sit.
430 1579 501 1644 lam
531 1601 600 1645 vox
631 1583 817 1664 συνέχοντος
852 1599 927 1644 curn
961 1579 996 1644 in
1030 1578 1218 1644 iudicialem
1251 1579 1456 1645 sententiam

330 1686 484 1751 adhibita
506 1707 564 1772 per
588 1707 623 1752 se
647 1689 682 1750 ct
705 1685 748 1750 ad
775 1685 1024 1751 accusationem
1049 1676 1090 1751 et'
1114 1685 1156 1751 ad
1182 1682 1419 1780 defensionem,
1430 1687 1455 1774 1)

329 1795 365 1858 in
400 1792 652 1858 deliberativam
688 1796 723 1857 et
758 1791 801 1856 ad
836 1793 1028 1858 suasionem
1063 1795 1097 1858 et
1129 1793 1170 1858 ad
1207 1793 1453 1874 dissuasionem

330 1902 483 1986 spectare
522 1900 645 1985 possit,
684 1921 743 1985 pro
782 1900 847 1965 hac
886 1899 1123 1983 ambiguitate,
1165 1900 1324 1986 quoniam
1363 1903 1455 1966 certa

330 2008 460 2072 ratione
489 2010 680 2092 usurpatur,
711 2006 912 2090 peculiarem
944 2007 1219 2089 significationem
1242 2007 1370 2072 habeat
1392 2027 1454 2072 ne-

232 2121 234 2127 ’
330 2135 425 2179 cesse
450 2117 510 2181 ost.

422 2221 476 2286 Sic
507 2212 621 2286 autern
655 2220 868 2306 interpretari
903 2224 1167 2287 consentaneum
1203 2241 1276 2287 esso
1303 2220 1455 2287 videtur:

330 2329 366 2392 τὸ
398 2329 454 2410 τὴν
483 2330 587 2392 στάσιν
615 2331 748 2412 συνέχον
779 2325 834 2413 (id,
867 2326 956 2414 quod
987 2328 1249 2393 controversiam
1282 2329 1453 2414 continet).

331 2435 442 2518 Atque
465 2434 549 2499 haec
572 2434 625 2498 vis
647 2455 716 2499 non
741 2434 782 2500 ad
807 2435 1031 2500 accusationis
1054 2434 1110 2500 vel
1139 2435 1306 2500 suasionis
1330 2435 1453 2501 confir-

331 2542 523 2624 mationem,
554 2541 613 2606 sed
637 2541 679 2607 ad
704 2541 934 2606 defensionem
957 2541 1063 2607 solam
1086 2541 1142 2607 vel
1165 2540 1208 2606 ad
1233 2541 1454 2607 dissuasionis

330 2648 620 2715 confirmationem
644 2647 794 2734 quadrat.
825 2647 912 2712 Nam
937 2668 975 2713 eo
999 2648 1071 2734 ipso
1097 2647 1240 2731 demum,
1265 2649 1354 2734 quod
1378 2669 1454 2714 reus

331 2777 367 2820 se
406 2754 584 2821 defendere
622 2754 676 2820 vel
716 2754 886 2820 dissuasor
925 2755 1129 2821 sententiam
1169 2777 1265 2820 suam
1305 2755 1454 2821 stabilire

330 2863 452 2945 potest,
478 2861 705 2927 controversia
729 2862 871 2946 exsistit,
897 2860 1166 2948 quandoquidem
1190 2862 1454 2928 criminationem

331 2967 575 3051 confirmatam,
600 2968 665 3032 nisi
689 2969 719 3034 ei
744 2969 921 3054 opponitur
937 2971 1098 3052 ἀπόφασις
1120 2969 1265 3052 firmata,
1283 2968 1453 3035 damnatio

330 3075 403 3142 sine
426 3075 485 3141 lite
503 3075 653 3160 sequitur
666 3077 814 3160 itemque
831 3078 865 3140 in
882 3097 957 3140 earn
974 3077 1187 3158 sententiam,
1216 3096 1317 3161 quam
1335 3097 1453 3142 suasor

331 3182 466 3268 profert,
491 3183 620 3248 ratione
644 3184 821 3268 probatam
846 3182 1044 3267 conceditur,
1071 3184 1098 3247 si
1121 3183 1202 3248 nihil
1218 3184 1358 3249 rationis
1375 3205 1453 3250 con-

331 3293 385 3355 tra
409 3290 535 3355 dicitur.
582 3291 631 3354 Ac
654 3289 846 3355 testimonio
871 3292 951 3353 sunt
973 3289 1038 3355 hae
1064 3289 1334 3375 explanationes:

423 3413 588 3493 Quintili
613 3414 662 3497 ll,
680 3413 735 3479 19:
764 3414 957 3478 »continens
975 3465 981 3478 .
998 3465 1005 3479 .
1021 3414 1053 3478 id
1070 3436 1155 3498 esse,
1181 3436 1246 3501 quo
1264 3415 1398 3482 sublato
1416 3416 1455 3481 lis

334 3541 408 3584 esse
433 3541 502 3586 non
524 3521 657 3606 possit«
709 3520 770 3585 oie.
789 3522 828 3586 de
853 3542 897 3586 or.
918 3521 947 3585 Il
971 3521 1118 3604 30‚132:
1158 3551 1193 3587 ».
1217 3576 1223 3589 .
1249 3521 1328 3607 quid
1351 3522 1456 3589 faciat

333 3647 480 3709 causam,
505 3625 538 3690 id
563 3629 624 3708 est,
650 3648 715 3712 quo
740 3626 873 3693 sublato
898 3629 1126 3694 controversia
1141 3633 1231 3695 stare
1247 3650 1315 3694 non
1331 3630 1455 3714 possit,

334 3732 460 3819 deinde,
501 3731 579 3819 quid
613 3733 731 3799 veniat
764 3733 799 3800 in
834 3734 1001 3817 iudicium,
1042 3734 1129 3821 quod
1155 3728 1219 3802 'isti
1256 3737 1303 3801 sic
1337 3734 1457 3802 iubent

333 3861 506 3926 quaerere:
538 3839 721 3906 ‘Interfecit
745 3839 894 3927 Opimius
919 3840 1113 3907 Gracchum.
1161 3841 1246 3923 Quid
1268 3841 1352 3909 facit
1376 3865 1455 3909 eau-

334 3949 433 4013 sam?
465 3946 553 4034 quod
576 3947 623 4012 rei
646 3947 799 4033 publicae
825 3970 937 4029 causa,
971 3969 1046 4013 cum
1071 3971 1113 4013 ex
1137 3951 1454 4016 senatusconsulto

422 4161 440 4229 1)
462 4160 502 4215 Cf.
516 4162 591 4215 auct.
605 4161 641 4214 ad
660 4161 723 4216 Her.
737 4161 750 4214 I
765 4161 805 4226 16,
817 4161 866 4216 26:
890 4162 978 4216 »ratio
992 4165 1044 4227 cst,
1056 4145 1137 4244 ¹quac
1151 4203 1157 4216 .
1172 4205 1178 4218 .
1193 4147 1341 4218 (continet
1361 4164 1456 4218 defen-

332 4250 442 4305 sionem
462 4292 467 4303 .
489 4290 494 4303 .
517 4293 522 4304 .
543 4250 754 4304 firmamentum
773 4292 778 4305 .
794 4293 799 4306 .
815 4293 830 4316 .‚
849 4251 877 4305 id
898 4255 948 4316 est,
969 4252 1042 4322 quod
1069 4253 1196 4306 continet
1215 4255 1453 4308 accusationem«
