3198 5054
653 425 876 491 ,gp-

203 603 281 668 ditis
306 603 470 669 hactenus
494 602 655 685 derogata
676 607 736 686 est,
753 608 792 668 ut
807 623 866 688 per
882 624 917 668 se
934 601 1016 668 nihi]
1032 603 1155 686 valeat,
1172 604 1326 691 quando-

204 709 338 796 quidem
361 708 455 776 illum
477 709 578 775 huius
602 713 709 776 artem
732 731 801 776 non
821 710 1009 796 inspexisse
1026 711 1324 796 comprobavimus,

204 817 262 883 sed
294 837 409 882 eorum
439 815 673 883 tantummodo
706 820 889 900 auctorum,
916 817 1036 903 quibus
1060 839 1142 883 usus
1167 820 1227 901 cst,
1258 817 1327 884 fide

205 924 424 990 contineatur.
478 923 571 1004 Quae
606 944 707 1010 quam
739 923 875 990 infirma
905 925 962 1006 sit,
999 923 1088 1009 quod
1119 925 1252 1010 quidem
1284 923 1327 990 ad

205 1030 393 1096 Ciceronem
430 1031 567 1112 attinet,
605 1052 706 1116 supra
741 1030 893 1097 vidimus.
949 1034 998 1096 Ac
1033 1031 1090 1117 qui
1124 1032 1192 1096 sint
1227 1031 1327 1096 ceteri

206 1140 368 1218 auctoroS,
393 1158 477 1224 quos
494 1136 718 1217 Quintilianus
741 1138 776 1202 in
799 1137 863 1203 hac
885 1158 920 1203 re
945 1138 1036 1220 adiit,
1061 1139 1245 1221 nescimus3
1262 1157 1327 1223 quo
1372 1143 1374 1147 '

206 1245 311 1328 magis
336 1243 523 1310 cavendum
547 1248 609 1327 est,
633 1265 676 1310 ne
700 1254 825 1312 temere
848 1244 951 1310 iidem
975 1244 1170 1310 habeamus.
1212 1243 1328 1330 Neque

205 1351 305 1434 igitur
320 1350 514 1437 quidquam,
537 1349 626 1438 quod
642 1349 866 1431 Quintilianus
886 1352 1034 1436 praebet,
1059 1351 1207 1438 accipere
1231 1351 1329 1418 nobis

206 1458 291 1540 licet,
323 1458 388 1523 nisi
419 1458 492 1524 aliis
524 1459 716 1524 auctoribus
747 1457 979 1544 comparandis
1013 1461 1114 1544 atque
1140 1460 1221 1524 artis
1245 1458 1328 1524 Her-

206 1585 381 1649 magoreae
405 1566 537 1653 propria
559 1566 690 1632 ratione
713 1564 921 1653 respicienda
945 1565 1221 1632 examinavimus.

296 1671 420 1753 Quodsi
453 1675 586 1758 practer
617 1672 806 1738 Ciceronem
837 1671 1126 1738 adulescentulum
1158 1674 1193 1738 et
1223 1670 1329 1751 Quin-

209 1777 362 1844 tilianum
382 1778 463 1844 nulli
483 1779 539 1846 alii
559 1782 712 1846 auctores
732 1780 828 1845 nobis
850 1781 1073 1865 superessent,
1101 1779 1326 1860 Hermagorae

208 1885 392 1952 doctrinam
414 1907 457 1952 66
482 1908 525 1952 ex
547 1891 641 1973 parte
666 1886 798 1973 quidem
823 1887 998 1952 restituere
1019 1887 1131 1953 conari
1146 1905 1329 1969 possemus

208 1993 305 2058 Nunc
326 2015 406 2060 vero
429 1993 626 2077 fragmentis
650 1993 694 2060 ab
718 1993 782 2058 illis
805 1992 937 2060 traditis
961 1992 1067 2059 multo
1084 1992 1217 2058 maioris
1233 1991 1330 2078 pretii

209 2120 282 2166 esse
316 2121 365 2183 ea,
399 2121 485 2186 quae
508 2101 719 2184 Augustinus
751 2099 888 2166 exhibet
918 2099 953 2165 in
984 2103 1133 2165 tractatu
1156 2098 1329 2181 rhetorice,

209 2206 390 2292 apparebit.
414 2205 503 2296 ,Sed
526 2206 624 2273 valde
649 2206 827 2273 dolendum
851 2210 903 2272 cst
918 2208 982 2273 hoc
997 2208 1156 2292 scriptum
1172 2227 1239 2271 non
1256 2226 1330 2271 esse

207 2315 382 2396 integrum.
420 2313 536 2401 Neque
561 2315 650 2380 enim
674 2313 714 2379 de
737 2314 807 2379 ulla
827 2313 943 2380 aliare
960 2316 1012 2379 est
1027 2314 1092 2378 nisi
1107 2312 1148 2378 de
1164 2313 1205 2378 iis
1220 2313 1330 2394 rebus,

208 2441 295 2505 quae
320 2419 525 2507 discriptioni
548 2420 663 2487 subtili
687 2423 840 2486 statuum
863 2420 1078 2486 antecedunt
1124 2420 1217 2485 Haec
1240 2423 1330 2500 suut,

209 2547 296 2614 quae
320 2531 468 2594 tractata
490 2529 720 2594 inveniuntur:

317 2633 465 2700 Oratoris
489 2635 599 2701 officio
616 2636 732 2721 paucis
748 2635 946 2700 adumbrato
964 2634 1129 2699 eiusfinis
1153 2655 1182 2720 p.
1202 2632 1308 2712 138,3

317 2742 422 2807 civilis
447 2743 599 2828 quaestio
613 2791 1046 2811 .........
1118 2740 1189 2825 138,
1203 2739 1243 2804 31
1262 2738 1333 2828 (34)

318 2847 382 2914 duo
406 2849 495 2915 modi
519 2849 664 2915 civilium
688 2849 939 2935 quaestionum:

371 2959 475 3028 θέσεις
497 2961 533 3022 61
555 2960 723 3028 ὑποθέσεις
773 3005 1154 3022 ........
1204 2954 1275 3038 139,
1289 2953 1333 3018 23

318 3066 431 3148 partes
455 3064 725 3129 circumstantiae
749 3065 856 3148 (μόρια
879 3066 1100 3147 περιστάσεως)
1147 3113 1154 3126 .
1205 3060 1311 3146 141,8

319 3171 482 3254 expositio
507 3170 617 3235 brevis
641 3170 873 3256 quaestionum
892 3168 1105 3234 rationalium
1123 3171 1156 3232 et

372 3276 526 3360 legalium
560 3325 1154 3344 ............
1204 3273 1276 3356 142,
1294 3273 1333 3338 15

319 3383 461 3450 1111611110
478 3387 685 3473 (κατάφασις),
699 3385 833 3468 negatio
846 3387 1038 3467 (ἀπόφασις),
1053 3403 1158 3469 quae-

375 3492 438 3556 stio
462 3494 608 3576 (ζήτημα)
667 3540 1154 3556 ..........
1204 3487 1276 3572 143,
1290 3488 1333 3553 25

321 3601 432 3664 status
456 3599 632 3685 explicatio
668 3647 1155 3664 ..........
1205 3595 1331 3677 144,11

321 3727 425 3770 causa
455 3709 583 3787 (αἴτιον),
617 3706 791 3771 continens
825 3710 988 3788 (συνέχον),
1021 3704 1061 3769 (16
1093 3724 1158 3789 quo

374 3811 586 3878 contenditur
610 3816 816 3897 (κρινόμενον)
828 3861 1154 3878 .......
1205 3807 1276 3887 144,
1290 3808 1334 3872 24

321 3919 567 3986 controversiae
591 3921 764 3999 asystatae
827 3968 1153 3985 .......
1203 3915 1275 3997 145,
1290 3915 1333 3980 34

320 4023 448 4107 figurae
472 4025 638 4113 (σχήματα)
663 4026 961 4091 controversiarum
991 4075 997 4088 .
1043 4076 1050 4089 .
1096 4075 1103 4089 .
1150 4073 1156 4087 .
1206 4019 1334 4099 147,18

303 4132 374 4198 1661
397 4136 592 4219 priusquam
616 4133 842 4214 ostendamus,
874 4153 931 4197 cur
954 4132 1164 4214 Augustinus
1189 4129 1335 4195 Ciceroni

216 4244 251 4305 et
275 4239 479 4321 Quintiliano
513 4239 768 4325 anteponendus
801 4239 854 4320 sit,
887 4241 1036 4303 statuere
1068 4237 1227 4304 debemus
1250 4234 1334 4301 Her-
