<?xml version="1.0" encoding="UTF-8"?>
<!DOCTYPE html PUBLIC "-//W3C//DTD XHTML 1.0 Transitional//EN"
    "http://www.w3.org/TR/xhtml1/DTD/xhtml1-transitional.dtd">
<html xmlns="http://www.w3.org/1999/xhtml" xml:lang="en" lang="en">
 <head>
  <title>
</title>
<meta http-equiv="Content-Type" content="text/html;charset=utf-8" />
  <meta name='ocr-system' content='tesseract 3.04.00' />
  <meta name='ocr-capabilities' content='ocr_page ocr_carea ocr_par ocr_line ocrx_word'/>
</head>
<body>
  <div class='ocr_page' id='page_1' title='image "./destatuumdoctri00jaengoog_0077.png"; bbox 0 0 3224 5044; ppageno 0'>
   <div class='ocr_carea' id='block_1_1' title="bbox 766 359 989 424">
    <p class='ocr_par' dir='ltr' id='par_1_1' title="bbox 766 359 989 424">
     <span class='ocr_line' id='line_1_1' title="bbox 766 359 989 424; baseline -0.004 -18"><span class='ocrx_word' id='word_1_1' title='bbox 766 359 989 424; x_wconf 77' lang='grc'><strong>...64-</strong></span> 
     </span>
    </p>
   </div>
   <div class='ocr_carea' id='block_1_2' title="bbox 224 535 1439 3938">
    <p class='ocr_par' dir='ltr' id='par_1_2' title="bbox 224 535 1439 3938">
     <span class='ocr_line' id='line_1_2' title="bbox 315 535 1439 622; baseline -0.003 -20"><span class='ocrx_word' id='word_1_2' title='bbox 315 547 381 610; x_wconf 88' lang='grc' dir='ltr'><em>ταῖς</em></span> <span class='ocrx_word' id='word_1_3' title='bbox 403 541 533 622; x_wconf 80' lang='grc' dir='ltr'><em>βουλαῖς</em></span> <span class='ocrx_word' id='word_1_4' title='bbox 556 541 617 602; x_wconf 88' lang='grc' dir='ltr'><em>κάν</em></span> <span class='ocrx_word' id='word_1_5' title='bbox 639 546 703 609; x_wconf 90' lang='grc' dir='ltr'><em>τοῖς</em></span> <span class='ocrx_word' id='word_1_6' title='bbox 720 539 929 622; x_wconf 81' lang='grc' dir='ltr'><strong><em>δικαστηρίοις</em></strong></span> <span class='ocrx_word' id='word_1_7' title='bbox 943 539 997 602; x_wconf 84' lang='grc' dir='ltr'><em>καὶ</em></span> <span class='ocrx_word' id='word_1_8' title='bbox 1012 544 1183 620; x_wconf 80' lang='grc' dir='ltr'><em>πανταχοῦ,</em></span> <span class='ocrx_word' id='word_1_9' title='bbox 1199 540 1344 620; x_wconf 85' lang='grc' dir='ltr'><em>μέγιστον</em></span> <span class='ocrx_word' id='word_1_10' title='bbox 1360 535 1439 600; x_wconf 85' lang='grc' dir='ltr'><em>ελναί</em></span> 
     </span>
     <span class='ocr_line' id='line_1_3' title="bbox 314 644 1436 729; baseline -0.004 -19"><span class='ocrx_word' id='word_1_11' title='bbox 314 671 371 729; x_wconf 93' lang='grc' dir='ltr'><em>μοι</em></span> <span class='ocrx_word' id='word_1_12' title='bbox 394 647 485 710; x_wconf 90' lang='grc' dir='ltr'><em>δοκεῖ</em></span> <span class='ocrx_word' id='word_1_13' title='bbox 510 645 545 709; x_wconf 82' lang='grc' dir='ltr'><em>ιδ</em></span> <span class='ocrx_word' id='word_1_14' title='bbox 573 647 644 728; x_wconf 83' lang='grc' dir='ltr'><em>περὶ</em></span> <span class='ocrx_word' id='word_1_15' title='bbox 666 653 721 728; x_wconf 87' lang='grc' dir='ltr'><em>τῆς</em></span> <span class='ocrx_word' id='word_1_16' title='bbox 745 646 927 727; x_wconf 80' lang='grc' dir='ltr'><em>διαιρέσεως</em></span> <span class='ocrx_word' id='word_1_17' title='bbox 950 645 1132 707; x_wconf 82' lang='grc' dir='ltr'><em>αὐτῶνκαὶ</em></span> <span class='ocrx_word' id='word_1_18' title='bbox 1156 645 1350 718; x_wconf 83' lang='grc' dir='ltr'><em>ἀποδείξεως</em></span> <span class='ocrx_word' id='word_1_19' title='bbox 1373 644 1436 707; x_wconf 88' lang='grc' dir='ltr'><em>κτλ.</em></span> 
     </span>
     <span class='ocr_line' id='line_1_4' title="bbox 315 733 1437 838; baseline -0.004 -21"><span class='ocrx_word' id='word_1_20' title='bbox 315 752 354 817; x_wconf 90' lang='lat' dir='ltr'><em>In</em></span> <span class='ocrx_word' id='word_1_21' title='bbox 378 751 499 838; x_wconf 87' lang='lat' dir='ltr'>quibus</span> <span class='ocrx_word' id='word_1_22' title='bbox 524 753 605 817; x_wconf 84' lang='lat' dir='ltr'>artis</span> <span class='ocrx_word' id='word_1_23' title='bbox 629 750 856 816; x_wconf 89' lang='lat' dir='ltr'>definitionem</span> <span class='ocrx_word' id='word_1_24' title='bbox 880 749 1026 816; x_wconf 86' lang='lat' dir='ltr'>Stoicam</span> <span class='ocrx_word' id='word_1_25' title='bbox 1054 733 1159 816; x_wconf 87' lang='lat' dir='ltr'>latere</span> <span class='ocrx_word' id='word_1_26' title='bbox 1182 750 1250 814; x_wconf 93' lang='lat' dir='ltr'><em>iam</em></span> <span class='ocrx_word' id='word_1_27' title='bbox 1275 749 1437 836; x_wconf 85' lang='lat' dir='ltr'>Syrianus</span> 
     </span>
     <span class='ocr_line' id='line_1_5' title="bbox 316 855 1436 944; baseline -0.004 -20"><span class='ocrx_word' id='word_1_28' title='bbox 316 857 499 924; x_wconf 80' lang='lat' dir='ltr'>scholiasta</span> <span class='ocrx_word' id='word_1_29' title='bbox 514 857 752 924; x_wconf 87' lang='lat' dir='ltr'>animadvertit</span> <span class='ocrx_word' id='word_1_30' title='bbox 768 857 850 944; x_wconf 81' lang='lat' dir='ltr'><strong>(Syr.</strong></span> <span class='ocrx_word' id='word_1_31' title='bbox 862 857 897 921; x_wconf 93' lang='lat' dir='ltr'><em>in</em></span> <span class='ocrx_word' id='word_1_32' title='bbox 910 855 1062 940; x_wconf 83' lang='lat' dir='ltr'>Hermog.</span> <span class='ocrx_word' id='word_1_33' title='bbox 1076 877 1191 922; x_wconf 90' lang='lat' dir='ltr'>comm.</span> <span class='ocrx_word' id='word_1_34' title='bbox 1203 877 1233 941; x_wconf 92' lang='lat' dir='ltr'><em>p.</em></span> <span class='ocrx_word' id='word_1_35' title='bbox 1243 856 1272 936; x_wconf 90' lang='grc'><em>6,</em></span> <span class='ocrx_word' id='word_1_36' title='bbox 1283 859 1301 920; x_wconf 87' lang='grc'><strong>1</strong></span> <span class='ocrx_word' id='word_1_37' title='bbox 1314 856 1436 936; x_wconf 79' lang='lat' dir='ltr'>Rabel:</span> 
     </span>
     <span class='ocr_line' id='line_1_6' title="bbox 314 965 1438 1050; baseline -0.004 -20"><span class='ocrx_word' id='word_1_38' title='bbox 314 968 369 1030; x_wconf 88' lang='grc' dir='ltr'><em>τὸν</em></span> <span class='ocrx_word' id='word_1_39' title='bbox 392 968 452 1049; x_wconf 87' lang='grc' dir='ltr'><em>γάρ</em></span> <span class='ocrx_word' id='word_1_40' title='bbox 475 991 522 1030; x_wconf 88' lang='grc' dir='ltr'><em>τοι</em></span> <span class='ocrx_word' id='word_1_41' title='bbox 543 966 631 1049; x_wconf 85' lang='grc' dir='ltr'><em>παρὰ</em></span> <span class='ocrx_word' id='word_1_42' title='bbox 646 973 710 1030; x_wconf 84' lang='grc' dir='ltr'><em>τῶν</em></span> <span class='ocrx_word' id='word_1_43' title='bbox 734 967 936 1029; x_wconf 83' lang='grc' dir='ltr'><em>διαλεκτικῶν</em></span> <span class='ocrx_word' id='word_1_44' title='bbox 948 965 971 1050; x_wconf 84' lang='grc'><em>1)</em></span> <span class='ocrx_word' id='word_1_45' title='bbox 995 965 1229 1047; x_wconf 77' lang='grc' dir='ltr'><em>ἀποδιδόμενον</em></span> <span class='ocrx_word' id='word_1_46' title='bbox 1251 972 1306 1046; x_wconf 84' lang='grc' dir='ltr'><em>τῆς</em></span> <span class='ocrx_word' id='word_1_47' title='bbox 1327 966 1438 1046; x_wconf 87' lang='grc' dir='ltr'><em>τέχνης</em></span> 
     </span>
     <span class='ocr_line' id='line_1_7' title="bbox 316 1071 1438 1157; baseline -0.004 -20"><span class='ocrx_word' id='word_1_48' title='bbox 316 1076 394 1157; x_wconf 86' lang='grc' dir='ltr'><em>ὅρον</em></span> <span class='ocrx_word' id='word_1_49' title='bbox 401 1081 465 1143; x_wconf 87' lang='grc' dir='ltr'><em>τοῖς</em></span> <span class='ocrx_word' id='word_1_50' title='bbox 472 1081 528 1154; x_wconf 85' lang='grc' dir='ltr'><em>τῆς</em></span> <span class='ocrx_word' id='word_1_51' title='bbox 536 1075 704 1156; x_wconf 84' lang='grc' dir='ltr'><em>ῥητορικῆς</em></span> <span class='ocrx_word' id='word_1_52' title='bbox 716 1073 890 1155; x_wconf 80' lang='grc' dir='ltr'><em>ἐφαρμόζει</em></span> <span class='ocrx_word' id='word_1_53' title='bbox 897 1073 1024 1155; x_wconf 89' lang='grc' dir='ltr'><em>μέρεσιν</em></span> <span class='ocrx_word' id='word_1_54' title='bbox 1034 1109 1076 1118; x_wconf 84' lang='lat'>—</span> <span class='ocrx_word' id='word_1_55' title='bbox 1086 1073 1242 1154; x_wconf 74' lang='grc' dir='ltr'><em>ὁρίζονται</em></span> <span class='ocrx_word' id='word_1_56' title='bbox 1252 1071 1311 1153; x_wconf 85' lang='grc' dir='ltr'><em>γὰρ</em></span> <span class='ocrx_word' id='word_1_57' title='bbox 1324 1072 1438 1134; x_wconf 78' lang='grc' dir='ltr'><em>ἐκεῖνοι</em></span> 
     </span>
     <span class='ocr_line' id='line_1_8' title="bbox 314 1177 1437 1262; baseline -0.002 -20"><span class='ocrx_word' id='word_1_58' title='bbox 314 1181 371 1262; x_wconf 84' lang='grc' dir='ltr'><em>τὴν</em></span> <span class='ocrx_word' id='word_1_59' title='bbox 392 1181 504 1262; x_wconf 87' lang='grc' dir='ltr'><em>τέχνην</em></span> <span class='ocrx_word' id='word_1_60' title='bbox 528 1182 630 1250; x_wconf 79' lang='grc' dir='ltr'><em>οὕτως</em></span> <span class='ocrx_word' id='word_1_61' title='bbox 643 1181 799 1262; x_wconf 66' lang='grc' dir='ltr'><em>“σόστημα</em></span> <span class='ocrx_word' id='word_1_62' title='bbox 816 1181 851 1243; x_wconf 78' lang='grc' dir='ltr'><em>ἐκ</em></span> <span class='ocrx_word' id='word_1_63' title='bbox 874 1180 1086 1260; x_wconf 79' lang='grc' dir='ltr'><em>καταλήψεως</em></span> <span class='ocrx_word' id='word_1_64' title='bbox 1109 1177 1437 1260; x_wconf 53' lang='grc' dir='ltr'><em>δγγεγαμνασμένονλ)</em></span> 
     </span>
     <span class='ocr_line' id='line_1_9' title="bbox 314 1283 1436 1370; baseline -0.002 -22"><span class='ocrx_word' id='word_1_65' title='bbox 314 1287 396 1369; x_wconf 87' lang='grc' dir='ltr'><em>πρός</em></span> <span class='ocrx_word' id='word_1_66' title='bbox 407 1311 433 1348; x_wconf 86' lang='grc' dir='ltr'><em>τι</em></span> <span class='ocrx_word' id='word_1_67' title='bbox 443 1288 530 1356; x_wconf 80' lang='grc' dir='ltr'><em>τέλος</em></span> <span class='ocrx_word' id='word_1_68' title='bbox 541 1288 714 1370; x_wconf 83' lang='grc' dir='ltr'><em>εὔχρηστον</em></span> <span class='ocrx_word' id='word_1_69' title='bbox 725 1295 772 1368; x_wconf 79' lang='grc' dir='ltr'><em>τῷ</em></span> <span class='ocrx_word' id='word_1_70' title='bbox 779 1287 857 1368; x_wconf 82' lang='grc' dir='ltr'><em>βίῳ.’</em></span> <span class='ocrx_word' id='word_1_71' title='bbox 876 1283 969 1349; x_wconf 90' lang='lat' dir='ltr'>Haec</span> <span class='ocrx_word' id='word_1_72' title='bbox 981 1283 1129 1349; x_wconf 92' lang='lat' dir='ltr'>definitio</span> <span class='ocrx_word' id='word_1_73' title='bbox 1139 1283 1217 1349; x_wconf 91' lang='lat' dir='ltr'>alibi</span> <span class='ocrx_word' id='word_1_74' title='bbox 1226 1304 1360 1369; x_wconf 90' lang='lat' dir='ltr'>quoque</span> <span class='ocrx_word' id='word_1_75' title='bbox 1369 1303 1436 1347; x_wconf 87' lang='lat' dir='ltr'><em>non</em></span> 
     </span>
     <span class='ocr_line' id='line_1_10' title="bbox 315 1388 1433 1478; baseline -0.004 -21"><span class='ocrx_word' id='word_1_76' title='bbox 315 1413 388 1457; x_wconf 90' lang='lat' dir='ltr'>raro</span> <span class='ocrx_word' id='word_1_77' title='bbox 412 1393 581 1477; x_wconf 87' lang='lat' dir='ltr'>reperitur.</span> <span class='ocrx_word' id='word_1_78' title='bbox 626 1390 711 1456; x_wconf 84' lang='lat' dir='ltr'>Vide</span> <span class='ocrx_word' id='word_1_79' title='bbox 740 1390 830 1456; x_wconf 84' lang='lat' dir='ltr'><strong>Sext.</strong></span> <span class='ocrx_word' id='word_1_80' title='bbox 851 1391 942 1476; x_wconf 84' lang='lat' dir='ltr'><em>Emp.</em></span> <span class='ocrx_word' id='word_1_81' title='bbox 963 1389 1078 1478; x_wconf 84' lang='lat' dir='ltr'>Pyrrh.</span> <span class='ocrx_word' id='word_1_82' title='bbox 1095 1391 1171 1476; x_wconf 92' lang='lat' dir='ltr'>hyp.</span> <span class='ocrx_word' id='word_1_83' title='bbox 1192 1389 1236 1454; x_wconf 89' lang='grc' dir='ltr'><em>ΙΙΙ</em></span> <span class='ocrx_word' id='word_1_84' title='bbox 1264 1389 1335 1472; x_wconf 85' lang='grc'><strong>188,</strong></span> <span class='ocrx_word' id='word_1_85' title='bbox 1359 1388 1433 1472; x_wconf 98' lang='grc'><strong>241,</strong></span> 
     </span>
     <span class='ocr_line' id='line_1_11' title="bbox 315 1495 1433 1592; baseline -0.003 -29"><span class='ocrx_word' id='word_1_86' title='bbox 315 1498 390 1580; x_wconf 83' lang='grc'><strong>251,</strong></span> <span class='ocrx_word' id='word_1_87' title='bbox 415 1499 497 1582; x_wconf 81' lang='grc'><strong>261;</strong></span> <span class='ocrx_word' id='word_1_88' title='bbox 526 1499 600 1564; x_wconf 87' lang='lat' dir='ltr'>adv.</span> <span class='ocrx_word' id='word_1_89' title='bbox 621 1519 756 1592; x_wconf 81' lang='lat' dir='ltr'>gramm.</span> <span class='ocrx_word' id='word_1_90' title='bbox 779 1499 837 1582; x_wconf 75' lang='lat'><em>753</em></span> <span class='ocrx_word' id='word_1_91' title='bbox 862 1497 937 1563; x_wconf 90' lang='lat' dir='ltr'>adv.</span> <span class='ocrx_word' id='word_1_92' title='bbox 958 1497 1041 1564; x_wconf 87' lang='lat' dir='ltr'>rhet.</span> <span class='ocrx_word' id='word_1_93' title='bbox 1064 1498 1122 1581; x_wconf 77' lang='lat'><em>103</em></span> <span class='ocrx_word' id='word_1_94' title='bbox 1151 1497 1226 1562; x_wconf 88' lang='lat' dir='ltr'>adv.</span> <span class='ocrx_word' id='word_1_95' title='bbox 1242 1495 1336 1580; x_wconf 86' lang='lat' dir='ltr'>log.I</span> <span class='ocrx_word' id='word_1_96' title='bbox 1362 1495 1433 1578; x_wconf 84' lang='grc'><strong>109,</strong></span> 
     </span>
     <span class='ocr_line' id='line_1_12' title="bbox 315 1601 1434 1692; baseline -0.004 -21"><span class='ocrx_word' id='word_1_97' title='bbox 315 1606 393 1689; x_wconf 81' lang='grc'>373;</span> <span class='ocrx_word' id='word_1_98' title='bbox 417 1606 494 1672; x_wconf 88' lang='lat' dir='ltr'><em>Luc.</em></span> <span class='ocrx_word' id='word_1_99' title='bbox 514 1606 650 1692; x_wconf 85' lang='lat' dir='ltr'>parasit.</span> <span class='ocrx_word' id='word_1_100' title='bbox 671 1605 754 1687; x_wconf 83' lang='lat'>841;</span> <span class='ocrx_word' id='word_1_101' title='bbox 778 1603 850 1670; x_wconf 87' lang='lat' dir='ltr'>Gal.</span> <span class='ocrx_word' id='word_1_102' title='bbox 866 1606 942 1670; x_wconf 87' lang='lat' dir='ltr'>inst.</span> <span class='ocrx_word' id='word_1_103' title='bbox 959 1604 1044 1670; x_wconf 90' lang='lat' dir='ltr'>med.</span> <span class='ocrx_word' id='word_1_104' title='bbox 1062 1609 1141 1670; x_wconf 90' lang='lat' dir='ltr'><em>tom.</em></span> <span class='ocrx_word' id='word_1_105' title='bbox 1157 1603 1235 1668; x_wconf 81' lang='lat' dir='ltr'><em>XIV</em></span> <span class='ocrx_word' id='word_1_106' title='bbox 1251 1625 1281 1688; x_wconf 93' lang='lat' dir='ltr'><em>p.</em></span> <span class='ocrx_word' id='word_1_107' title='bbox 1298 1603 1363 1668; x_wconf 81' lang='lat'><em>685</em></span> <span class='ocrx_word' id='word_1_108' title='bbox 1379 1601 1434 1686; x_wconf 90' lang='lat' dir='ltr'><em>K.;</em></span> 
     </span>
     <span class='ocr_line' id='line_1_13' title="bbox 316 1708 1434 1802; baseline -0.004 -24"><span class='ocrx_word' id='word_1_109' title='bbox 316 1712 387 1802; x_wconf 81' lang='lat' dir='ltr'>Gal.</span> <span class='ocrx_word' id='word_1_110' title='bbox 408 1716 565 1799; x_wconf 84' lang='lat' dir='ltr'>protrept.</span> <span class='ocrx_word' id='word_1_111' title='bbox 586 1734 616 1798; x_wconf 89' lang='lat' dir='ltr'><em>p.</em></span> <span class='ocrx_word' id='word_1_112' title='bbox 638 1713 680 1778; x_wconf 80' lang='lat'><em>39</em></span> <span class='ocrx_word' id='word_1_113' title='bbox 701 1711 814 1794; x_wconf 91' lang='lat' dir='ltr'>Kaib.;</span> <span class='ocrx_word' id='word_1_114' title='bbox 843 1713 953 1793; x_wconf 83' lang='lat' dir='ltr'><strong>Quint.</strong></span> <span class='ocrx_word' id='word_1_115' title='bbox 976 1711 1005 1776; x_wconf 92' lang='grc' dir='ltr'>Π</span> <span class='ocrx_word' id='word_1_116' title='bbox 1033 1713 1082 1795; x_wconf 81' lang='grc'><em>17,</em></span> <span class='ocrx_word' id='word_1_117' title='bbox 1097 1710 1137 1775; x_wconf 96' lang='grc'><em>41</em></span> <span class='ocrx_word' id='word_1_118' title='bbox 1171 1709 1283 1795; x_wconf 81' lang='lat' dir='ltr'>(Stoic.</span> <span class='ocrx_word' id='word_1_119' title='bbox 1309 1713 1374 1775; x_wconf 91' lang='lat' dir='ltr'>vet.</span> <span class='ocrx_word' id='word_1_120' title='bbox 1398 1708 1434 1774; x_wconf 87' lang='lat' dir='ltr'><em>fr.</em></span> 
     </span>
     <span class='ocr_line' id='line_1_14' title="bbox 315 1816 1433 1904; baseline -0.005 -18"><span class='ocrx_word' id='word_1_121' title='bbox 315 1821 358 1886; x_wconf 87' lang='lat' dir='ltr'><em>ab</em></span> <span class='ocrx_word' id='word_1_122' title='bbox 385 1823 462 1886; x_wconf 89' lang='lat' dir='ltr'><em>Arn.</em></span> <span class='ocrx_word' id='word_1_123' title='bbox 484 1819 554 1885; x_wconf 90' lang='lat' dir='ltr'>coll.</span> <span class='ocrx_word' id='word_1_124' title='bbox 574 1820 638 1885; x_wconf 91' lang='lat' dir='ltr'><em>vol.</em></span> <span class='ocrx_word' id='word_1_125' title='bbox 663 1819 692 1884; x_wconf 90' lang='lat' dir='ltr'>H</span> <span class='ocrx_word' id='word_1_126' title='bbox 719 1840 750 1884; x_wconf 92' lang='lat' dir='ltr'><em>n.</em></span> <span class='ocrx_word' id='word_1_127' title='bbox 775 1819 928 1904; x_wconf 81' lang='lat'><strong>93-97).</strong></span> <span class='ocrx_word' id='word_1_128' title='bbox 973 1819 1074 1884; x_wconf 91' lang='lat' dir='ltr'>Porro</span> <span class='ocrx_word' id='word_1_129' title='bbox 1103 1817 1235 1883; x_wconf 75' lang='lat' dir='ltr'>Stoicae</span> <span class='ocrx_word' id='word_1_130' title='bbox 1265 1816 1433 1882; x_wconf 87' lang='lat' dir='ltr'>doctrinae</span> 
     </span>
     <span class='ocr_line' id='line_1_15' title="bbox 315 1923 1435 2018; baseline -0.004 -26"><span class='ocrx_word' id='word_1_131' title='bbox 315 1929 459 2018; x_wconf 71' lang='lat' dir='ltr'>vestigia</span> <span class='ocrx_word' id='word_1_132' title='bbox 482 1927 517 1991; x_wconf 94' lang='lat' dir='ltr'><em>in</em></span> <span class='ocrx_word' id='word_1_133' title='bbox 540 1926 690 2012; x_wconf 87' lang='lat' dir='ltr'>personis</span> <span class='ocrx_word' id='word_1_134' title='bbox 715 1924 958 1992; x_wconf 82' lang='lat' dir='ltr'>distribuendis</span> <span class='ocrx_word' id='word_1_135' title='bbox 976 1925 1130 2007; x_wconf 84' lang='lat' dir='ltr'>indagari</span> <span class='ocrx_word' id='word_1_136' title='bbox 1144 1927 1295 2010; x_wconf 77' lang='lat' dir='ltr'>possunt.</span> <span class='ocrx_word' id='word_1_137' title='bbox 1331 1923 1435 1988; x_wconf 90' lang='lat' dir='ltr'>Nam-</span> 
     </span>
     <span class='ocr_line' id='line_1_16' title="bbox 315 2029 1433 2120; baseline -0.003 -22"><span class='ocrx_word' id='word_1_138' title='bbox 315 2056 379 2120; x_wconf 89' lang='lat' dir='ltr'>que</span> <span class='ocrx_word' id='word_1_139' title='bbox 403 2033 628 2117; x_wconf 79' lang='lat' dir='ltr'>Hermogenes</span> <span class='ocrx_word' id='word_1_140' title='bbox 653 2054 767 2099; x_wconf 89' lang='lat' dir='ltr'>earnm</span> <span class='ocrx_word' id='word_1_141' title='bbox 791 2053 1017 2119; x_wconf 79' lang='lat' dir='ltr'>personarum,</span> <span class='ocrx_word' id='word_1_142' title='bbox 1043 2031 1083 2097; x_wconf 91' lang='lat' dir='ltr'>de</span> <span class='ocrx_word' id='word_1_143' title='bbox 1101 2031 1221 2120; x_wconf 90' lang='lat' dir='ltr'>quibus</span> <span class='ocrx_word' id='word_1_144' title='bbox 1237 2029 1433 2116; x_wconf 75' lang='lat' dir='ltr'>disceptatio</span> 
     </span>
     <span class='ocr_line' id='line_1_17' title="bbox 315 2138 1433 2226; baseline -0.005 -20"><span class='ocrx_word' id='word_1_145' title='bbox 315 2143 417 2226; x_wconf 90' lang='lat' dir='ltr'>atque</span> <span class='ocrx_word' id='word_1_146' title='bbox 440 2139 598 2206; x_wconf 89' lang='lat' dir='ltr'>iudicium</span> <span class='ocrx_word' id='word_1_147' title='bbox 629 2141 701 2206; x_wconf 86' lang='lat' dir='ltr'>fieri</span> <span class='ocrx_word' id='word_1_148' title='bbox 727 2143 850 2226; x_wconf 85' lang='lat' dir='ltr'>potest,</span> <span class='ocrx_word' id='word_1_149' title='bbox 883 2139 945 2204; x_wconf 90' lang='lat' dir='ltr'><em>has</em></span> <span class='ocrx_word' id='word_1_150' title='bbox 974 2139 1102 2224; x_wconf 89' lang='lat' dir='ltr'>species</span> <span class='ocrx_word' id='word_1_151' title='bbox 1130 2138 1302 2204; x_wconf 83' lang='lat' dir='ltr'>discernit:</span> <span class='ocrx_word' id='word_1_152' title='bbox 1348 2141 1374 2201; x_wconf 84' lang='lat'><em>1.</em></span> <span class='ocrx_word' id='word_1_153' title='bbox 1397 2138 1433 2201; x_wconf 85' lang='grc' dir='ltr'><em>ιὰ</em></span> 
     </span>
     <span class='ocr_line' id='line_1_18' title="bbox 315 2247 1435 2332; baseline -0.004 -20"><span class='ocrx_word' id='word_1_154' title='bbox 315 2250 477 2332; x_wconf 83' lang='grc' dir='ltr'><em>ὡρισμένα</em></span> <span class='ocrx_word' id='word_1_155' title='bbox 499 2250 553 2312; x_wconf 87' lang='grc' dir='ltr'><em>καὶ</em></span> <span class='ocrx_word' id='word_1_156' title='bbox 575 2251 679 2332; x_wconf 82' lang='grc' dir='ltr'><em>κύρια,</em></span> <span class='ocrx_word' id='word_1_157' title='bbox 704 2250 771 2313; x_wconf 83' lang='grc' dir='ltr'><em>οἷον</em></span> <span class='ocrx_word' id='word_1_158' title='bbox 786 2249 954 2330; x_wconf 83' lang='grc' dir='ltr'><em>Περικλῆς,</em></span> <span class='ocrx_word' id='word_1_159' title='bbox 981 2250 1011 2310; x_wconf 86' lang='grc'><em>2.</em></span> <span class='ocrx_word' id='word_1_160' title='bbox 1034 2248 1071 2310; x_wconf 83' lang='grc' dir='ltr'><em>τὰ</em></span> <span class='ocrx_word' id='word_1_161' title='bbox 1092 2248 1173 2330; x_wconf 88' lang='grc' dir='ltr'><em>πρός</em></span> <span class='ocrx_word' id='word_1_162' title='bbox 1188 2272 1223 2320; x_wconf 87' lang='grc' dir='ltr'><em>τι,</em></span> <span class='ocrx_word' id='word_1_163' title='bbox 1240 2247 1308 2310; x_wconf 85' lang='grc' dir='ltr'><em>οἷον</em></span> <span class='ocrx_word' id='word_1_164' title='bbox 1322 2247 1435 2327; x_wconf 85' lang='grc' dir='ltr'><em>πατήρ,</em></span> 
     </span>
     <span class='ocr_line' id='line_1_19' title="bbox 314 2353 1436 2439; baseline -0.004 -20"><span class='ocrx_word' id='word_1_165' title='bbox 314 2357 395 2433; x_wconf 82' lang='grc' dir='ltr'><em>οἷός,</em></span> <span class='ocrx_word' id='word_1_166' title='bbox 429 2359 459 2418; x_wconf 82' lang='lat'><em>3.</em></span> <span class='ocrx_word' id='word_1_167' title='bbox 490 2355 527 2418; x_wconf 84' lang='grc' dir='ltr'><em>τὰ</em></span> <span class='ocrx_word' id='word_1_168' title='bbox 559 2357 804 2439; x_wconf 81' lang='grc' dir='ltr'><em>διαβεβλημένα,</em></span> <span class='ocrx_word' id='word_1_169' title='bbox 835 2357 903 2419; x_wconf 84' lang='grc' dir='ltr'><em>οἷον</em></span> <span class='ocrx_word' id='word_1_170' title='bbox 934 2357 1065 2428; x_wconf 80' lang='grc' dir='ltr'><em>ἄσωτοι,</em></span> <span class='ocrx_word' id='word_1_171' title='bbox 1098 2357 1127 2416; x_wconf 89' lang='grc'><em>4.</em></span> <span class='ocrx_word' id='word_1_172' title='bbox 1159 2354 1196 2416; x_wconf 87' lang='grc' dir='ltr'><em>τὰ</em></span> <span class='ocrx_word' id='word_1_173' title='bbox 1227 2354 1336 2435; x_wconf 70' lang='grc' dir='ltr'><em>ἠθικά,</em></span> <span class='ocrx_word' id='word_1_174' title='bbox 1367 2353 1436 2416; x_wconf 84' lang='grc' dir='ltr'><em>οἷον</em></span> 
     </span>
     <span class='ocr_line' id='line_1_20' title="bbox 316 2460 1436 2546; baseline -0.004 -20"><span class='ocrx_word' id='word_1_175' title='bbox 316 2465 459 2546; x_wconf 90' lang='grc' dir='ltr'><em>γεωργοί,</em></span> <span class='ocrx_word' id='word_1_176' title='bbox 494 2467 523 2526; x_wconf 85' lang='grc'><em>5.</em></span> <span class='ocrx_word' id='word_1_177' title='bbox 547 2463 584 2527; x_wconf 85' lang='grc' dir='ltr'><em>τὰ</em></span> <span class='ocrx_word' id='word_1_178' title='bbox 607 2463 686 2527; x_wconf 83' lang='grc' dir='ltr'><em>κατὰ</em></span> <span class='ocrx_word' id='word_1_179' title='bbox 711 2462 899 2545; x_wconf 85' lang='grc' dir='ltr'><em>συμπλοκὴν</em></span> <span class='ocrx_word' id='word_1_180' title='bbox 923 2462 982 2525; x_wconf 84' lang='grc' dir='ltr'><em>δύο</em></span> <span class='ocrx_word' id='word_1_181' title='bbox 1010 2465 1244 2544; x_wconf 82' lang='grc' dir='ltr'><em>προσηγοριῶν,</em></span> <span class='ocrx_word' id='word_1_182' title='bbox 1275 2460 1343 2524; x_wconf 79' lang='grc' dir='ltr'><em>οἷον</em></span> <span class='ocrx_word' id='word_1_183' title='bbox 1366 2461 1436 2528; x_wconf 86' lang='grc' dir='ltr'><em>νέος</em></span> 
     </span>
     <span class='ocr_line' id='line_1_21' title="bbox 314 2567 1434 2652; baseline -0.004 -20"><span class='ocrx_word' id='word_1_184' title='bbox 314 2572 472 2644; x_wconf 86' lang='grc' dir='ltr'><em>πλούσιος,</em></span> <span class='ocrx_word' id='word_1_185' title='bbox 509 2574 536 2637; x_wconf 86' lang='grc'><em>6.</em></span> <span class='ocrx_word' id='word_1_186' title='bbox 559 2571 596 2633; x_wconf 85' lang='grc' dir='ltr'><em>τὰ</em></span> <span class='ocrx_word' id='word_1_187' title='bbox 627 2570 706 2633; x_wconf 83' lang='grc' dir='ltr'><em>κατὰ</em></span> <span class='ocrx_word' id='word_1_188' title='bbox 738 2569 925 2652; x_wconf 83' lang='grc' dir='ltr'><em>συμπλοκὴν</em></span> <span class='ocrx_word' id='word_1_189' title='bbox 952 2569 1130 2651; x_wconf 85' lang='grc' dir='ltr'><em>προσώπου</em></span> <span class='ocrx_word' id='word_1_190' title='bbox 1161 2567 1215 2630; x_wconf 84' lang='grc' dir='ltr'><em>καλ</em></span> <span class='ocrx_word' id='word_1_191' title='bbox 1241 2568 1434 2649; x_wconf 83' lang='grc' dir='ltr'><em>πράγματος,</em></span> 
     </span>
     <span class='ocr_line' id='line_1_22' title="bbox 316 2673 1435 2760; baseline -0.006 -18"><span class='ocrx_word' id='word_1_192' title='bbox 316 2679 383 2742; x_wconf 84' lang='grc' dir='ltr'><em>οἷον</em></span> <span class='ocrx_word' id='word_1_193' title='bbox 410 2679 576 2760; x_wconf 91' lang='grc' dir='ltr'><em>μειράκιον</em></span> <span class='ocrx_word' id='word_1_194' title='bbox 603 2677 882 2759; x_wconf 80' lang='grc' dir='ltr'><em>καλλωπιζόμενον</em></span> <span class='ocrx_word' id='word_1_195' title='bbox 910 2677 1018 2758; x_wconf 84' lang='grc' dir='ltr'><em>φεύγει</em></span> <span class='ocrx_word' id='word_1_196' title='bbox 1048 2675 1204 2755; x_wconf 89' lang='grc' dir='ltr'><em>πορνείας,</em></span> <span class='ocrx_word' id='word_1_197' title='bbox 1242 2678 1267 2737; x_wconf 85' lang='grc'><em>7.</em></span> <span class='ocrx_word' id='word_1_198' title='bbox 1290 2673 1327 2736; x_wconf 84' lang='grc' dir='ltr'><em>τὰ</em></span> <span class='ocrx_word' id='word_1_199' title='bbox 1351 2673 1435 2736; x_wconf 82' lang='grc' dir='ltr'><em>ἁπλᾶ</em></span> 
     </span>
     <span class='ocr_line' id='line_1_23' title="bbox 315 2777 1434 2867; baseline -0.005 -19"><span class='ocrx_word' id='word_1_200' title='bbox 315 2785 543 2867; x_wconf 86' lang='grc' dir='ltr'><em>προσηγορικά,</em></span> <span class='ocrx_word' id='word_1_201' title='bbox 575 2784 643 2847; x_wconf 86' lang='grc' dir='ltr'><em>οἷον</em></span> <span class='ocrx_word' id='word_1_202' title='bbox 670 2784 850 2865; x_wconf 87' lang='grc' dir='ltr'><em>στρατηγός.</em></span> <span class='ocrx_word' id='word_1_203' title='bbox 896 2781 932 2846; x_wconf 90' lang='lat' dir='ltr'><em>In</em></span> <span class='ocrx_word' id='word_1_204' title='bbox 962 2782 1044 2866; x_wconf 67' lang='lat' dir='ltr'>qua*</span> <span class='ocrx_word' id='word_1_205' title='bbox 1059 2780 1238 2865; x_wconf 80' lang='lat' dir='ltr'>partitione</span> <span class='ocrx_word' id='word_1_206' title='bbox 1266 2777 1434 2844; x_wconf 75' lang='lat' dir='ltr'>distinctio</span> 
     </span>
     <span class='ocr_line' id='line_1_24' title="bbox 316 2885 1434 2975; baseline -0.004 -21"><span class='ocrx_word' id='word_1_207' title='bbox 316 2890 486 2955; x_wconf 89' lang='lat' dir='ltr'>nominum</span> <span class='ocrx_word' id='word_1_208' title='bbox 515 2888 719 2974; x_wconf 90' lang='lat' dir='ltr'>propriorum</span> <span class='ocrx_word' id='word_1_209' title='bbox 747 2888 792 2975; x_wconf 80' lang='lat'><em>(1)</em></span> <span class='ocrx_word' id='word_1_210' title='bbox 816 2891 850 2954; x_wconf 93' lang='lat' dir='ltr'>et</span> <span class='ocrx_word' id='word_1_211' title='bbox 874 2887 1152 2973; x_wconf 82' lang='lat' dir='ltr'>appellativorum</span> <span class='ocrx_word' id='word_1_212' title='bbox 1175 2886 1218 2972; x_wconf 72' lang='lat'><em>(7)</em></span> <span class='ocrx_word' id='word_1_213' title='bbox 1248 2885 1434 2951; x_wconf 85' lang='lat' dir='ltr'>Stoicorum</span> 
     </span>
     <span class='ocr_line' id='line_1_25' title="bbox 316 2991 1435 3078; baseline -0.005 -18"><span class='ocrx_word' id='word_1_214' title='bbox 316 2996 567 3078; x_wconf 84' lang='lat' dir='ltr'>grammaticam</span> <span class='ocrx_word' id='word_1_215' title='bbox 598 2995 733 3062; x_wconf 89' lang='lat' dir='ltr'>redolet.</span> <span class='ocrx_word' id='word_1_216' title='bbox 789 2996 933 3063; x_wconf 86' lang='lat' dir='ltr'>Gramm.</span> <span class='ocrx_word' id='word_1_217' title='bbox 960 2994 1013 3061; x_wconf 85' lang='lat' dir='ltr'><em>Gr.</em></span> <span class='ocrx_word' id='word_1_218' title='bbox 1038 2993 1121 3060; x_wconf 86' lang='lat' dir='ltr'>Pars</span> <span class='ocrx_word' id='word_1_219' title='bbox 1145 2995 1203 3059; x_wconf 90' lang='lat' dir='ltr'>lll:</span> <span class='ocrx_word' id='word_1_220' title='bbox 1235 2993 1369 3059; x_wconf 86' lang='lat' dir='ltr'>Scholia</span> <span class='ocrx_word' id='word_1_221' title='bbox 1399 2991 1435 3055; x_wconf 92' lang='lat' dir='ltr'><em>in</em></span> 
     </span>
     <span class='ocr_line' id='line_1_26' title="bbox 314 3098 1434 3190; baseline -0.005 -22"><span class='ocrx_word' id='word_1_222' title='bbox 314 3103 466 3190; x_wconf 85' lang='lat' dir='ltr'>Dionysii</span> <span class='ocrx_word' id='word_1_223' title='bbox 494 3103 630 3168; x_wconf 81' lang='lat' dir='ltr'>Thracis</span> <span class='ocrx_word' id='word_1_224' title='bbox 662 3100 722 3170; x_wconf 73' lang='lat' dir='ltr'>art.</span> <span class='ocrx_word' id='word_1_225' title='bbox 751 3123 886 3185; x_wconf 85' lang='lat' dir='ltr'>gramm.</span> <span class='ocrx_word' id='word_1_226' title='bbox 914 3122 976 3166; x_wconf 87' lang='lat' dir='ltr'>rec.</span> <span class='ocrx_word' id='word_1_227' title='bbox 1005 3103 1042 3166; x_wconf 83' lang='lat' dir='ltr'><em>A.</em></span> <span class='ocrx_word' id='word_1_228' title='bbox 1067 3099 1205 3183; x_wconf 82' lang='lat' dir='ltr'>Hilgard</span> <span class='ocrx_word' id='word_1_229' title='bbox 1235 3123 1264 3186; x_wconf 90' lang='lat' dir='ltr'><em>p.</em></span> <span class='ocrx_word' id='word_1_230' title='bbox 1289 3098 1434 3181; x_wconf 81' lang='lat'>214,18:</span> 
     </span>
     <span class='ocr_line' id='line_1_27' title="bbox 315 3205 1433 3294; baseline -0.006 -19"><span class='ocrx_word' id='word_1_231' title='bbox 315 3214 346 3276; x_wconf 84' lang='grc' dir='ltr'><em>οῖ</em></span> <span class='ocrx_word' id='word_1_232' title='bbox 367 3212 507 3275; x_wconf 86' lang='grc' dir='ltr'><em>Στωϊκοὶ</em></span> <span class='ocrx_word' id='word_1_233' title='bbox 530 3213 670 3294; x_wconf 87' lang='grc' dir='ltr'><em>ὀνόματα</em></span> <span class='ocrx_word' id='word_1_234' title='bbox 693 3212 752 3294; x_wconf 81' lang='grc' dir='ltr'><em>μὲν</em></span> <span class='ocrx_word' id='word_1_235' title='bbox 775 3211 812 3273; x_wconf 86' lang='grc' dir='ltr'><em>τὰ</em></span> <span class='ocrx_word' id='word_1_236' title='bbox 835 3211 929 3293; x_wconf 86' lang='grc' dir='ltr'><em>κύρια</em></span> <span class='ocrx_word' id='word_1_237' title='bbox 954 3211 1068 3292; x_wconf 80' lang='grc' dir='ltr'><em>ἔλεγον,</em></span> <span class='ocrx_word' id='word_1_238' title='bbox 1096 3210 1133 3272; x_wconf 89' lang='grc' dir='ltr'><em>τὰ</em></span> <span class='ocrx_word' id='word_1_239' title='bbox 1158 3210 1192 3272; x_wconf 89' lang='grc' dir='ltr'><em>δὲ</em></span> <span class='ocrx_word' id='word_1_240' title='bbox 1214 3205 1433 3291; x_wconf 78' lang='grc' dir='ltr'><em>προσηγορικὰ</em></span> 
     </span>
     <span class='ocr_line' id='line_1_28' title="bbox 315 3311 1433 3400; baseline -0.004 -18"><span class='ocrx_word' id='word_1_241' title='bbox 315 3320 375 3382; x_wconf 82' lang='grc' dir='ltr'><em>οὐκ</em></span> <span class='ocrx_word' id='word_1_242' title='bbox 389 3319 538 3400; x_wconf 86' lang='grc' dir='ltr'><em>ὀνόματα.</em></span> <span class='ocrx_word' id='word_1_243' title='bbox 569 3317 645 3382; x_wconf 85' lang='grc' dir='ltr'><em>Ηασ</em></span> <span class='ocrx_word' id='word_1_244' title='bbox 656 3315 741 3382; x_wconf 87' lang='lat' dir='ltr'>adde</span> <span class='ocrx_word' id='word_1_245' title='bbox 752 3315 816 3382; x_wconf 89' lang='lat' dir='ltr'><em>has</em></span> <span class='ocrx_word' id='word_1_246' title='bbox 828 3315 1077 3400; x_wconf 84' lang='lat' dir='ltr'>explicationes,</span> <span class='ocrx_word' id='word_1_247' title='bbox 1094 3335 1178 3400; x_wconf 89' lang='lat' dir='ltr'>quas</span> <span class='ocrx_word' id='word_1_248' title='bbox 1190 3313 1331 3399; x_wconf 82' lang='lat' dir='ltr'>praebet</span> <span class='ocrx_word' id='word_1_249' title='bbox 1341 3311 1433 3393; x_wconf 85' lang='lat' dir='ltr'>Diog.</span> 
     </span>
     <span class='ocr_line' id='line_1_29' title="bbox 315 3421 1436 3507; baseline -0.005 -19"><span class='ocrx_word' id='word_1_250' title='bbox 315 3425 347 3488; x_wconf 88' lang='lat' dir='ltr'><em>L.</em></span> <span class='ocrx_word' id='word_1_251' title='bbox 365 3423 425 3487; x_wconf 90' lang='lat' dir='ltr'><em>VII</em></span> <span class='ocrx_word' id='word_1_252' title='bbox 449 3424 507 3489; x_wconf 84' lang='lat'><em>58:</em></span> <span class='ocrx_word' id='word_1_253' title='bbox 538 3425 600 3488; x_wconf 83' lang='grc' dir='ltr'><em>ἔστι</em></span> <span class='ocrx_word' id='word_1_254' title='bbox 624 3425 658 3488; x_wconf 89' lang='grc' dir='ltr'><em>δὲ</em></span> <span class='ocrx_word' id='word_1_255' title='bbox 681 3426 878 3507; x_wconf 89' lang='grc' dir='ltr'><em>προσηγορία</em></span> <span class='ocrx_word' id='word_1_256' title='bbox 901 3425 960 3507; x_wconf 84' lang='grc' dir='ltr'><em>μέν</em></span> <span class='ocrx_word' id='word_1_257' title='bbox 983 3423 1064 3486; x_wconf 86' lang='grc' dir='ltr'><em>κατὰ</em></span> <span class='ocrx_word' id='word_1_258' title='bbox 1086 3423 1140 3486; x_wconf 86' lang='grc' dir='ltr'><em>τδν</em></span> <span class='ocrx_word' id='word_1_259' title='bbox 1163 3423 1314 3504; x_wconf 84' lang='grc' dir='ltr'><em>Διογένην</em></span> <span class='ocrx_word' id='word_1_260' title='bbox 1336 3421 1436 3502; x_wconf 85' lang='grc' dir='ltr'><em>μέρος</em></span> 
     </span>
     <span class='ocr_line' id='line_1_30' title="bbox 315 3527 1433 3615; baseline -0.004 -22"><span class='ocrx_word' id='word_1_261' title='bbox 315 3532 411 3614; x_wconf 85' lang='grc' dir='ltr'><em>λόγου</em></span> <span class='ocrx_word' id='word_1_262' title='bbox 436 3539 590 3615; x_wconf 85' lang='grc' dir='ltr'><em>σημαῖνον</em></span> <span class='ocrx_word' id='word_1_263' title='bbox 605 3532 715 3614; x_wconf 84' lang='grc' dir='ltr'><em>κοινὴν</em></span> <span class='ocrx_word' id='word_1_264' title='bbox 730 3533 888 3614; x_wconf 87' lang='grc' dir='ltr'><em>ποιότητα,</em></span> <span class='ocrx_word' id='word_1_265' title='bbox 912 3531 980 3596; x_wconf 86' lang='grc' dir='ltr'><em>οἷον</em></span> <span class='ocrx_word' id='word_1_266' title='bbox 996 3531 1179 3612; x_wconf 71' lang='grc' dir='ltr'><em>ἄνθρωπος,</em></span> <span class='ocrx_word' id='word_1_267' title='bbox 1204 3531 1306 3598; x_wconf 79' lang='grc' dir='ltr'><em>ἵππος·</em></span> <span class='ocrx_word' id='word_1_268' title='bbox 1330 3527 1433 3608; x_wconf 83' lang='grc' dir='ltr'><em>ὄνομα</em></span> 
     </span>
     <span class='ocr_line' id='line_1_31' title="bbox 315 3635 1433 3723; baseline 0.001 -22"><span class='ocrx_word' id='word_1_269' title='bbox 315 3640 351 3702; x_wconf 86' lang='grc' dir='ltr'><em>δέ</em></span> <span class='ocrx_word' id='word_1_270' title='bbox 381 3640 442 3702; x_wconf 85' lang='grc' dir='ltr'><em>ἔστι</em></span> <span class='ocrx_word' id='word_1_271' title='bbox 471 3641 571 3722; x_wconf 89' lang='grc' dir='ltr'><em>μέρος</em></span> <span class='ocrx_word' id='word_1_272' title='bbox 600 3641 697 3722; x_wconf 86' lang='grc' dir='ltr'><em>λόγου</em></span> <span class='ocrx_word' id='word_1_273' title='bbox 729 3640 848 3723; x_wconf 85' lang='grc' dir='ltr'><em>δηλοῦν</em></span> <span class='ocrx_word' id='word_1_274' title='bbox 878 3640 959 3703; x_wconf 90' lang='grc' dir='ltr'><em>ἰδίαν</em></span> <span class='ocrx_word' id='word_1_275' title='bbox 989 3638 1153 3719; x_wconf 87' lang='grc' dir='ltr'><em>ποιότητα,</em></span> <span class='ocrx_word' id='word_1_276' title='bbox 1184 3637 1251 3699; x_wconf 87' lang='grc' dir='ltr'><em>οῖον</em></span> <span class='ocrx_word' id='word_1_277' title='bbox 1275 3635 1433 3717; x_wconf 74' lang='grc' dir='ltr'><em>Διογένης,</em></span> 
     </span>
     <span class='ocr_line' id='line_1_32' title="bbox 314 3739 1436 3830; baseline -0.005 -21"><span class='ocrx_word' id='word_1_278' title='bbox 314 3747 501 3829; x_wconf 83' lang='grc' dir='ltr'><em>Σωκράτης.</em></span> <span class='ocrx_word' id='word_1_279' title='bbox 547 3744 725 3811; x_wconf 88' lang='lat' dir='ltr'>Praeterea</span> <span class='ocrx_word' id='word_1_280' title='bbox 749 3747 876 3830; x_wconf 87' lang='lat' dir='ltr'>species</span> <span class='ocrx_word' id='word_1_281' title='bbox 907 3744 1014 3809; x_wconf 86' lang='lat' dir='ltr'>altera</span> <span class='ocrx_word' id='word_1_282' title='bbox 1047 3744 1095 3827; x_wconf 78' lang='grc' dir='ltr'><em>(τὰ</em></span> <span class='ocrx_word' id='word_1_283' title='bbox 1120 3744 1201 3826; x_wconf 85' lang='grc' dir='ltr'><em>πρός</em></span> <span class='ocrx_word' id='word_1_284' title='bbox 1230 3741 1284 3826; x_wconf 85' lang='grc' dir='ltr'><em>τι),</em></span> <span class='ocrx_word' id='word_1_285' title='bbox 1317 3739 1436 3825; x_wconf 86' lang='lat' dir='ltr'>quinta</span> 
     </span>
     <span class='ocr_line' id='line_1_33' title="bbox 224 3840 1434 3938; baseline -0.007 -20"><span class='ocrx_word' id='word_1_286' title='bbox 224 3840 228 3844; x_wconf 37' lang='lat'>⁵</span> <span class='ocrx_word' id='word_1_287' title='bbox 316 3856 479 3938; x_wconf 85' lang='lat' dir='ltr'>sextaque</span> <span class='ocrx_word' id='word_1_288' title='bbox 505 3855 554 3937; x_wconf 78' lang='grc' dir='ltr'><em>(τὰ</em></span> <span class='ocrx_word' id='word_1_289' title='bbox 576 3855 655 3918; x_wconf 83' lang='grc' dir='ltr'><em>κατὰ</em></span> <span class='ocrx_word' id='word_1_290' title='bbox 680 3853 890 3936; x_wconf 81' lang='grc' dir='ltr'><em>συμπλοκήν),</em></span> <span class='ocrx_word' id='word_1_291' title='bbox 919 3870 1123 3937; x_wconf 88' lang='lat' dir='ltr'>quamquam</span> <span class='ocrx_word' id='word_1_292' title='bbox 1145 3848 1330 3914; x_wconf 90' lang='lat' dir='ltr'>locutiones</span> <span class='ocrx_word' id='word_1_293' title='bbox 1352 3847 1434 3930; x_wconf 86' lang='grc' dir='ltr'><em>πρός</em></span> 
     </span>
    </p>
   </div>
   <div class='ocr_carea' id='block_1_3' title="bbox 316 4008 1434 4246">
    <p class='ocr_par' dir='ltr' id='par_1_3' title="bbox 316 4008 1434 4246">
     <span class='ocr_line' id='line_1_34' title="bbox 405 4008 1434 4081; baseline -0.007 -16"><span class='ocrx_word' id='word_1_294' title='bbox 405 4015 423 4081; x_wconf 86' lang='lat'><em>¹)</em></span> <span class='ocrx_word' id='word_1_295' title='bbox 442 4011 512 4065; x_wconf 79' lang='grc' dir='ltr'><em>Κατ’</em></span> <span class='ocrx_word' id='word_1_296' title='bbox 531 4011 622 4078; x_wconf 73' lang='grc' dir='ltr'><em>ἐξοχὴν</em></span> <span class='ocrx_word' id='word_1_297' title='bbox 634 4011 797 4066; x_wconf 87' lang='lat' dir='ltr'>dialecticos</span> <span class='ocrx_word' id='word_1_298' title='bbox 810 4010 944 4081; x_wconf 85' lang='lat' dir='ltr'>appellari</span> <span class='ocrx_word' id='word_1_299' title='bbox 957 4011 1057 4065; x_wconf 89' lang='lat' dir='ltr'>solitos</span> <span class='ocrx_word' id='word_1_300' title='bbox 1069 4026 1132 4064; x_wconf 86' lang='lat' dir='ltr'>esse</span> <span class='ocrx_word' id='word_1_301' title='bbox 1144 4009 1257 4063; x_wconf 84' lang='lat' dir='ltr'>Stoicos</span> <span class='ocrx_word' id='word_1_302' title='bbox 1269 4010 1369 4062; x_wconf 86' lang='lat' dir='ltr'>notum</span> <span class='ocrx_word' id='word_1_303' title='bbox 1381 4008 1434 4060; x_wconf 86' lang='lat' dir='ltr'>est.</span> 
     </span>
     <span class='ocr_line' id='line_1_35' title="bbox 404 4096 1432 4172; baseline -0.008 -16"><span class='ocrx_word' id='word_1_304' title='bbox 404 4103 424 4170; x_wconf 72' lang='lat'><em>⁹)</em></span> <span class='ocrx_word' id='word_1_305' title='bbox 443 4102 513 4158; x_wconf 85' lang='lat' dir='ltr'>Aliis</span> <span class='ocrx_word' id='word_1_306' title='bbox 543 4103 612 4156; x_wconf 86' lang='lat' dir='ltr'>locis</span> <span class='ocrx_word' id='word_1_307' title='bbox 638 4101 808 4172; x_wconf 85' lang='lat' dir='ltr'>comparatis</span> <span class='ocrx_word' id='word_1_308' title='bbox 830 4096 1009 4168; x_wconf 74' lang='grc' dir='ltr'><em>καταλήψεωνι</em></span> <span class='ocrx_word' id='word_1_309' title='bbox 1030 4099 1289 4168; x_wconf 76' lang='grc' dir='ltr'><em>συγγεγνμνασμέναν</em></span> <span class='ocrx_word' id='word_1_310' title='bbox 1311 4096 1432 4151; x_wconf 88' lang='lat' dir='ltr'>scriben-</span> 
     </span>
     <span class='ocr_line' id='line_1_36' title="bbox 316 4192 452 4246; baseline 0 0"><span class='ocrx_word' id='word_1_311' title='bbox 316 4192 381 4246; x_wconf 93' lang='lat' dir='ltr'><em>dum</em></span> <span class='ocrx_word' id='word_1_312' title='bbox 401 4195 452 4246; x_wconf 85' lang='lat' dir='ltr'>ast.</span> 
     </span>
    </p>
   </div>
   <div class='ocr_carea' id='block_1_4' title="bbox 0 0 1616 5044">
    <p class='ocr_par' dir='ltr' id='par_1_4' title="bbox 0 0 1616 5044">
     <span class='ocr_line' id='line_1_37' title="bbox 0 0 1616 5044; baseline 0 0"><span class='ocrx_word' id='word_1_313' title='bbox 0 0 1616 5044; x_wconf 95' lang='lat' dir='ltr'><em> </em></span> 
     </span>
    </p>
   </div>
  </div>
 </body>
</html>
