3224 5044
646 419 847 484 ..7-

183 597 308 684 aliquid
333 596 397 663 sibi
420 617 590 664 assumere
614 596 789 682 potuisset,
814 595 913 662 simili
936 597 1034 664 modo
1059 619 1095 662 se
1119 597 1306 664 iactaturus

182 704 291 771 fuerit.
338 704 423 770 Tum
452 705 651 790 quicumque
680 724 698 769 e
723 702 888 770 Ciceronis
917 705 952 770 et
975 703 1171 785 Quintiliani
1199 705 1306 791 expli·

184 812 373 878 nationibus
404 831 480 876 eam
511 809 697 876 doctrinam
729 810 903 895 cognovit,
944 810 1033 896 apud
1064 811 1307 894 Hermogenem

184 917 325 983 eundem
359 903 428 984 fere
464 917 731 984 distributionem
767 938 945 983 causarum
979 917 1117 984 invenit.
1172 916 1237 984 Sed
1271 917 1307 984 in

185 1026 362 1111 prooemio,
401 1044 467 1109 quo
503 1025 700 1110 quaestione
735 1023 823 1091 civili
858 1023 1001 1090 definita
1035 1023 1075 1090 de
1107 1021 1306 1092 differentiis

184 1153 403 1218 personarum
420 1133 454 1198 et
469 1130 634 1198 factorum
651 1135 753 1217 atque
767 1130 807 1197 de
819 1131 969 1198 materiis
977 1152 1112 1217 prorsus
1128 1131 1184 1198 vel
1199 1152 1307 1217 paene

183 1259 252 1304 non
292 1237 553 1304 consistentibus
592 1239 718 1322 agitur,
759 1240 794 1303 et
832 1237 866 1303 in
906 1238 1111 1322 singrdorum
1154 1241 1307 1312 statuum

189 1347 380 1429 κεφαλαίοις,
416 1365 502 1432 quae
538 1345 706 1428 dicuntur,
743 1344 977 1411 enumerandis
1009 1349 1070 1411 ant
1104 1345 1216 1411 nullae
1249 1349 1309 1412 aut

183 1472 311 1537 paucae
351 1451 585 1518 similitudines
625 1452 759 1537 reperiri
796 1455 948 1538 possunt.
1010 1453 1116 1534 Quam
1157 1452 1198 1518 ob
1237 1473 1305 1518 rem

183 1560 361 1645 quominus
385 1557 629 1642 Hermogenem
656 1557 719 1624 has
743 1579 796 1624 res
825 1558 865 1624 de
889 1579 950 1624 suo
980 1557 1109 1624 dedisse
1134 1561 1307 1646 opinemur

184 1668 218 1731 et
240 1664 369 1731 indiciis
394 1687 496 1751 supra
518 1665 657 1751 prolatis
682 1668 716 1732 et
740 1687 779 1731 eo
795 1666 1001 1752 impedimur,
1027 1665 1116 1753 quod
1132 1666 1242 1744 Cicero
1267 1686 1307 1731 ac

184 1771 409 1853 Quintilianus
444 1773 669 1855 Hermagorae
700 1771 755 1838 vel
790 1773 862 1840 eius
893 1773 1100 1838 imitatorum
1136 1773 1306 1840 doctrinae

183 1878 372 1944 umbratilis
395 1899 463 1944 non
486 1900 604 1965 pauca,
630 1901 717 1965 quae
742 1878 785 1944 ad
809 1901 908 1946 usum
932 1879 1072 1946 oratoris
1095 1901 1165 1946 nou
1187 1900 1306 1946 neces-

184 1986 273 2052 saria
308 1987 356 2051 eis
387 2007 462 2052 esse
490 1987 701 2070 videbantur,
726 1987 1029 2073 praetermiserunt.
1079 1987 1207 2053 Deinde
1238 2007 1306 2053 nou

184 2095 236 2158 est
253 2092 476 2159 omittendum
491 2091 735 2176 Hermogenem
752 2092 907 2180 exempla
929 2115 996 2160 non
1022 2116 1043 2160 a
1066 2115 1102 2160 se
1125 2095 1197 2181 ipso
1213 2093 1305 2176 licta,

183 2199 291 2266 sedin
309 2199 431 2266 scholis
448 2200 530 2267 trita
548 2200 717 2286 praebere,
741 2201 775 2266 id
791 2200 880 2287 quod
896 2222 939 2266 ne
956 2200 1156 2267 scholiastes
1172 2200 1306 2288 quidem

182 2305 276 2390 fugit.
288 2307 313 2396 1)
358 2308 470 2392 Atque
492 2307 567 2390 hae,
599 2328 686 2393 quae
715 2311 910 2393 sequuntur,
943 2311 1024 2375 sunt
1047 2309 1305 2389 controversiae,

182 2435 280 2499 quae,
312 2415 470 2500 quoniam
509 2414 599 2499 apud
631 2413 816 2501 complures
850 2416 973 2481 artium
1001 2415 1178 2501 scriptores
1206 2417 1242 2480 et
1271 2416 1307 2482 in

183 2521 483 2587 controversiarum
495 2520 746 2588 collectionibus
758 2522 984 2606 inveniuntur,
1002 2521 1180 2590 declamari
1188 2521 1306 2590 solitas

182 2648 255 2692 esse
279 2629 382 2713 patet.
429 2626 616 2693 Veterrima
640 2627 794 2715 exempla
815 2628 921 2715 primo
944 2627 1016 2694 loco
1041 2649 1216 2715 apponam.

221 2733 544 2820 Hermspissaqc:
552 2739 718 2819 μειράκιον
817 2736 953 2802 Aristot.
966 2737 1058 2821 soph.
1072 2735 1306 2822 cipimus:

182 2843 462 2926 καλλωπιζόμενον
494 2844 603 2926 φεύγει
636 2868 716 2927 crop—
772 2847 806 2908 ἔν
828 2869 860 2908 τε
883 2851 947 2916 τοῖς
969 2846 1148 2927 ῥητορικοῖς
1171 2846 1205 2906 αῖ
1226 2844 1307 2908 κατὰ

182 2952 273 3020 νείας.
296 2948 342 3013 Cf.
362 2948 491 3031 146,16
508 2952 542 3015 et
557 2949 717 3035 imprimis
770 2951 806 3014 τὸ
823 2959 953 3034 σημεῖον
969 2953 1144 3024 ἀποδείξεις
1153 2950 1179 3033 ²)
1196 2953 1308 3014 ἐκτῶν

185 3055 257 3138 148,
275 3057 323 3122 ll.
771 3059 939 3140 ἑπομένων
947 3060 1030 3122 εἰσίν.
1046 3058 1237 3140 βουλόμενοι
1246 3057 1306 3141 γὰρ

772 3165 869 3238 δεῖξαι
881 3167 927 3228 ὅτι
937 3165 1087 3246 μοιχός,
1102 3164 1138 3227 τὸ
1151 3165 1307 3246 ἑπόμενον

771 3273 893 3355 ἔλαβον,
923 3272 968 3334 ὅτι
999 3271 1262 3353 καλλωπιστὴς
1286 3273 1305 3356 ἢ

771 3381 816 3442 ὅτι
828 3381 954 3460 νύκτωρ
967 3379 1077 3461 ὁρᾶται
1088 3379 1304 3460 πλανώμενος.

751 3517 754 3524 .
815 3483 859 3550 cf.
876 3484 959 3549 rhet.
973 3485 999 3549 B
1016 3483 1060 3549 24
1075 3505 1105 3569 p.
1122 3483 1203 3549 1401
1213 3484 1243 3565 b,
1253 3483 1305 3549 24.

769 3593 805 3656 Γ.
833 3592 872 3656 15
889 3613 918 3676 p.
938 3591 1063 3674 1416α,
1081 3592 1133 3656 23.

182 3730 216 3783 ἂν
234 3731 338 3788 εἰκότως
355 3729 541 3789 collideremur
559 3733 628 3802 ἡμᾶς
652 3730 696 3787 διὰ
720 3737 811 3797 ταῦτα,
837 3738 882 3786 καὶ
906 3734 937 3786 τὸ
961 3736 1085 3811 μέματον
1109 3731 1146 3785 ἐπ’
1170 3731 1304 3804 αἀιρινείᾳ,

185 3819 202 3885 ἦ
220 3819 481 3889 reconsecratores
499 3821 573 3875 ἕσασα
591 3822 690 3876 τούτων
708 3821 796 3887 ἀξίους
814 3825 914 3891 vopisc
927 3862 973 3876 ...

274 3911 292 3980 ¹)
311 3911 354 3966 W.
374 3912 399 3964 V
417 3912 539 3976 241,1e:
560 3911 608 3968 Ὡς
632 3911 781 3966 decimum
799 3913 834 3983 (v.
855 3913 947 3968 Herm.
968 3912 1014 3982 Sp.
1033 3912 1057 3966 ll
1077 3912 1136 3976 134,
1149 3910 1194 3979 26)
1209 3928 1214 3941 ·
1228 3914 1306 3962 τοῦτο

182 3997 260 4056 obturo
284 4001 370 4069 φησίν,
397 3997 486 4066 ἐπειδὴ
506 4000 551 4053 obn
571 3999 646 4058 αἰιτὸς
669 3998 788 4066 ἔπλασεν,
815 3999 868 4053 ἀλλ’
896 3999 924 4053 ἐκ
948 4003 1001 4052 τῶν
1018 3998 1141 4053 παλαιῶν
1163 3997 1251 4068 εἰληφε
1274 3999 1307 4052 τὸ

180 4085 360 4160 παράδειγμα.
399 4091 441 4146 Cf.
459 4091 504 4145 W.
524 4091 573 4145 Vll
595 4090 652 4156 130,
663 4092 712 4156 23;
734 4091 847 4156 133,19.

271 4180 290 4248 ⁹)
311 4179 351 4233 Cl.
372 4181 553 4235 coniecturae
579 4181 773 4235 definitionem
797 4181 890 4236 Herm.
914 4180 961 4251 Sp.
981 4180 1006 4234 Π
1028 4179 1086 4243 138,
1100 4180 1146 4232 ll:
1176 4178 1232 4230 ἔστι
1255 4177 1307 4249 γὰρ

181 4268 326 4335 στοχασμὸς
349 4264 447 4334 ἀδήλου
463 4268 626 4338 φράγματος
645 4265 744 4338 ἐλεγχος
762 4264 886 4334 οἰισιιὶδης
904 4267 957 4321 ἀπὸ
976 4287 1046 4324 τινος
1064 4271 1177 4339 φανεροῦ
1197 4268 1306 4334 σημείου
