3224 5044
631 430 831 494 ..5-

258 608 295 674 ll.
320 607 492 687 Quantum
523 607 555 673 ei
584 607 782 694 philosophi,
815 606 872 694 qui
904 607 946 674 ab
975 608 1156 675 Aristotele
1186 629 1295 695 usque

170 716 213 784 ad
228 715 453 798 Hermagorae
477 716 625 780 aetatem
648 713 834 780 rhetoricae
858 713 1050 799 studebant,
1075 714 1118 782 ad
1142 717 1296 782 statuum

170 822 366 890 doctrinam·
380 820 614 908 explicandam
636 821 813 888 valuerint

177 986 181 995 ,
257 928 309 995 ΠΙ.
332 928 371 994 Α.
396 926 481 1007 Quid
504 928 727 1011 Hermagoras
751 928 792 995 de
817 927 964 996 statibus
988 926 1144 996 docuerit

257 1035 294 1102 B.
318 1035 411 1116 Quae
441 1035 527 1100 ratio
551 1035 753 1117 Hermogeni
774 1055 849 1100 cum
872 1033 1077 1120 Hermagora
1099 1035 1294 1103 intercedat.

258 1141 312 1208 lv.
328 1141 436 1222 Quam
451 1143 615 1208 rationem
631 1140 858 1225 Hermogenes
873 1142 908 1207 in
925 1142 1071 1209 statibus
1087 1141 1295 1208 illustrandis

169 1249 387 1316 dissensionis
411 1248 631 1315 scholasticae
655 1248 952 1335 Apollodoreorum
975 1251 1011 1315 et
1026 1248 1295 1316 Theodoreorum

167 1356 330 1424 hahuerit

262 1462 328 1528 Sed
350 1463 544 1549 priusquam
573 1462 616 1530 ad
643 1462 707 1528 has
735 1463 951 1549 quaestiones
979 1461 1205 1529 absolvendas
1231 1483 1294 1530 nos

171 1569 393 1656 conferamus,
418 1590 460 1635 ne
477 1572 601 1636 temere
622 1567 847 1653 ingrediamur
870 1570 968 1656 quasi
984 1570 1048 1635 iter
1062 1569 1292 1657 longinquum,

168 1698 233 1764 quo
257 1675 370 1743 fontes
394 1679 547 1742 statuum
570 1675 741 1743 doctrinae
766 1676 809 1742 ab
835 1675 1045 1760 Hermogene
1074 1675 1218 1743 traditae
1241 1677 1294 1743 in-

169 1781 340 1868 dagemus,
373 1783 566 1850 coniectura
597 1783 748 1866 colligere
777 1799 947 1867 conamur,
976 1785 1165 1871 priorumne
1192 1783 1295 1850 luerit

168 1889 394 1974 Hermogenes
424 1890 460 1956 in
492 1912 533 1956 ea
562 1890 742 1956 tractanda
769 1890 1005 1957 tantummodo
1031 1890 1227 1977 compilator
1250 1912 1295 1957 an

168 2018 332 2064 novorum
369 1999 526 2084 repertor.
587 1996 719 2064 Etenim
758 1997 788 2063 si
826 1998 900 2083 quis
935 1997 1154 2082 Hermogenis
1192 1996 1293 2064 libros

167 2104 349 2170 rhetoricos
379 2103 520 2191 perlegit
551 2107 653 2192 atque
685 2106 858 2192 comparat
888 2104 1004 2191 prioris
1036 2104 1161 2171 aetatis
1192 2106 1292 2188 artes,

167 2209 227 2278 sed
261 2211 412 2277 studium
445 2211 597 2277 fontibus
636 2209 880 2294 investigandis
915 2209 1065 2277 nondum
1099 2211 1293 2298 impertivit,

169 2318 323 2404 quamvis
347 2317 532 2404 complures
557 2338 633 2384 cum
655 2317 720 2383 illis
745 2317 980 2384 similitudines
1002 2338 1080 2384 eum
1094 2317 1210 2402 fugere
1225 2339 1294 2384 non

169 2425 309 2511 possint,
345 2428 461 2492 tamen
495 2424 592 2492 iacile
628 2423 814 2510 adducitur,
851 2426 890 2490 ut
923 2425 1169 2518 Hermogenem
1202 2425 1294 2492 viam

166 2531 333 2618 propriam
367 2532 555 2616 ingressum
589 2553 663 2598 esse
699 2532 854 2619 opinetur
868 2523 908 2618 ¹)¹
937 2532 1097 2618 imprimis
1132 2531 1295 2615 singulari

167 2638 365 2705 elocutionis
388 2640 520 2706 ratione
543 2641 705 2725 respecta,
730 2638 926 2725 praesertim
951 2659 1027 2703 cum
1055 2638 1127 2704 eius
1150 2638 1293 2706 rhetoris

166 2743 342 2811 admiratio
366 2748 403 2811 et
424 2745 514 2833 apud
530 2745 699 2832 aequatae,
722 2744 882 2833 quamdiu
905 2766 991 2811 sana
1014 2748 1127 2841 mente
1151 2747 1233 2830 erat,
1259 2745 1295 2812 et

151 2955 153 2958 -
256 2923 276 2994 ¹)
296 2923 394 2978 'Phiela
419 2923 448 2977 in
474 2923 544 2978 libro
570 2923 617 2980 all.
636 2941 662 2995 p.
682 2923 718 2978 92
742 2923 782 2978 sic
807 2923 926 2978 iudicat:
962 2923 1026 2979 Von
1050 2923 1293 2993 Hermogenes

166 3012 270 3067 wissen
286 3013 343 3072 uir,
357 3012 413 3067 dalt
428 3029 457 3066 er
470 3013 524 3066 ein
538 3012 898 3082 selbstandigerund
910 3012 1147 3084 produktiver
1159 3012 1294 3067 Rhetor

166 3101 213 3166 ist,
232 3101 278 3156 bei
297 3101 361 3155 dem
377 3101 428 3156 wir
447 3101 536 3156 daher
553 3100 635 3156 nicht
652 3101 697 3156 die
714 3101 791 3155 reine
810 3099 1057 3171 hermagoreische
1074 3100 1166 3156 Lehre
1185 3100 1294 3156 suchen

167 3189 275 3246 dirrien.
312 3190 354 3244 Gi.
375 3191 451 3262 quod
471 3191 506 3245 de
525 3191 585 3244 eius
603 3190 747 3261 gravitate
766 3190 835 3245 dicit
854 3189 1002 3260 Chaignet,
1021 3191 1064 3244 La
1082 3189 1245 3261 rhetorique
1263 3193 1294 3246 et

166 3295 217 3334 son
237 3279 377 3336 histoire·
398 3279 479 3334 Paris
499 3279 576 3333 1888.
595 3296 622 3350 p.
641 3279 708 3335 462:
733 3279 778 3334 Au
797 3279 935 3351 pointde
950 3295 1005 3333 vue
1023 3278 1186 3350 historiqne,
1212 3278 1230 3333 il
1249 3282 1295 3334 est

165 3369 337 3428 interessent
361 3368 396 3424 de
420 3370 567 3424 connaitre
585 3386 634 3424 sur
652 3386 684 3424 ce
702 3369 784 3441 point
803 3370 851 3440 (sc.
870 3369 898 3424 le
916 3368 999 3440 style)
1017 3368 1046 3423 la
1065 3369 1192 3436 doctrine
1210 3369 1293 3424 d’un

166 3458 228 3512 des
252 3458 334 3530 plus
358 3456 527 3514 illustres
552 3458 716 3513 rheteurs
742 3459 777 3513 de
801 3458 961 3530 l'antiquitt
990 3474 1119 3530 grecque,
1152 3461 1181 3513 et
1205 3458 1234 3529 je
1258 3475 1294 3513 ne

167 3547 240 3602 crois
262 3564 315 3619 pas
342 3563 396 3619 que
422 3550 499 3602 cette
523 3547 607 3602 stude
626 3547 683 3602 soit
701 3564 767 3602 sans
785 3545 875 3618 proiit
892 3549 983 3602 meme
1001 3564 1073 3619 pour
1091 3547 1119 3602 la
1137 3547 1246 3602 theorie
1264 3549 1294 3602 et

165 3635 193 3690 la
210 3637 341 3708 pratique
360 3636 395 3691 de
414 3637 443 3691 la
461 3635 578 3708 critique
596 3637 737 3692 moderna.
776 3635 818 3691 Gi.
837 3636 902 3692 ibid.
922 3654 948 3708 p.
962 3637 1005 3692 62.
1044 3637 1100 3691 Sed
1120 3637 1293 3692 contrarium

164 3725 297 3780 iudicium
317 3726 351 3780 de
369 3726 554 3795 Hermogenis
573 3725 687 3796 ingenio
706 3725 779 3780 facit
797 3725 898 3792 Christ,
928 3725 1100 3782 Geschichte
1119 3725 1168 3779 der
1186 3724 1292 3794 griech.

164 3814 339 3870 Litteratur³
357 3831 385 3886 p.
404 3815 470 3869 754:
491 3857 498 3868 .
518 3855 524 3870 .
545 3855 551 3870 .
570 3814 764 3870 thatsachlich
788 3831 848 3868 war
874 3831 903 3869 er
929 3814 984 3868 ein
1002 3814 1294 3884 mittelmaliiger

164 3903 267 3974 Kopf,
289 3905 338 3959 der
355 3921 408 3958 nur
427 3904 473 3959 die
491 3904 585 3958 Kunst
603 3904 699 3970 bascli,
727 3903 772 3958 irir
789 3904 888 3971 Lente,
907 3903 1015 3958 welche
1034 3902 1109 3958 ohne
1127 3903 1216 3972 gretie
1235 3903 1292 3957 An·

164 3994 320 4063 strengung
346 3994 391 4048 die
414 3993 591 4065 Haupteeitze
618 3994 668 4048 der
685 3992 824 4048 Rhetorilr
848 3993 909 4048 sich
934 3992 1073 4062 aneignen
1097 3992 1220 4057 wollten,
1247 3992 1293 4048 ein

165 4080 329 4137 handliches
347 4082 550 4153 compendium
579 4099 615 4135 zu
642 4082 798 4137 schreiben.
835 4081 914 4136 Neue
942 4081 1027 4136 ldeen
1054 4081 1107 4136 hat
1136 4098 1166 4136 er
1193 4082 1222 4137 in
1247 4082 1292 4136 die

164 4170 302 4230 Rhetorilr
320 4170 404 4226 nicht
421 4170 598 4241 eingefirhrt3
618 4170 789 4242 gleiohwohl
815 4159 907 4226 haben
926 4171 977 4225 wir
996 4187 1052 4225 von
1071 4170 1163 4225 vielen
1184 4171 1290 4225 Satzen

165 4260 213 4314 der
230 4259 427 4315 rhetorischen
446 4259 566 4314 'l'heorie
584 4277 637 4314 nur
657 4260 744 4315 durch
763 4259 815 4315 ihn
833 4260 982 4316 Kenntnis
