3224 5044
764 405 980 470 ,36-

312 585 373 648 ἐστὶ
412 586 522 667 τέχνης
562 586 655 666 ἔργον
687 604 692 616 ·
721 590 786 647 τῶν
817 585 878 667 γὰρ
909 586 1013 647 ἄλλων
1044 585 1158 666 ἑκάστη
1191 585 1262 664 περὶ
1291 583 1327 645 τὸ
1357 584 1437 666 αὐτῇ

297 691 522 772 ιύποκείμενόν
545 692 624 754 ἐστιν
649 691 853 773 ὃιὸασκαίικη
882 693 935 754 καὶ
958 692 1105 773 πειστική,
1130 689 1198 753 οἷον
1221 691 1341 772 ιάτρικὴ
1366 690 1437 773 περὶ

311 800 454 880 ὑγιεινῶν
474 797 527 860 καὶ
551 803 693 878 νοσερῶν
708 799 761 860 καὶ
778 800 951 880 γεωμετρία
967 797 1089 879 περὶτὰ
1107 798 1329 880 συμβεβηκότα
1345 797 1434 878 πάθη

311 912 375 975 τοῖς
404 905 550 988 μεγέθεσι
581 905 634 967 καί
666 905 858 987 ἀριθμητικὴ
890 906 961 988 περὶ
992 905 1152 985 ἀριθμῶν,
1182 905 1303 986 ὁμοίως
1327 904 1437 968 δὲκαὶ

312 1015 345 1076 αἱ
374 1012 478 1075 λοιπαὶ
509 1017 574 1074 τῶν
603 1017 721 1094 τεχνῶν
751 1013 805 1074 καί
835 1013 1042 1094 ἐπιστημῶν·
1067 1013 1086 1093 ἡ
1119 1011 1154 1074 δὲ
1185 1011 1335 1094 ῥητορικὴ
1366 1011 1437 1091 περὶ

311 1125 367 1182 τοῦ
400 1118 550 1187 δοθέντος
582 1118 629 1187 ὥς
659 1120 753 1181 εἰπεῖν
783 1119 873 1181 δοκεῖ
894 1119 1049 1183 δύνασθαι
1073 1120 1209 1200 θεωρεῖν
1232 1118 1267 1180 τὸ
1289 1119 1435 1189 πιθανόν,

314 1225 363 1288 διὸ
398 1227 453 1287 καί
483 1248 589 1306 φαμεν
621 1224 718 1307 αὐτὴν
749 1227 788 1288 ού
820 1227 894 1307 περί
921 1251 948 1288 τι
979 1227 1068 1307 γένος
1100 1226 1180 1288 ἴδιον
1210 1226 1437 1307 ἀφωρισμένον

314 1335 395 1414 ἔχειν
417 1331 453 1394 τὸ
475 1333 625 1414 τεχνικόν.
672 1330 788 1415 Itaque
815 1331 850 1396 in
874 1331 938 1396 hae
960 1352 995 1396 re
1018 1329 1217 1396 Aristoteles
1242 1351 1263 1394 a
1285 1329 1434 1412 Platone,

314 1437 371 1523 qui
400 1437 645 1522 postulaverat,
681 1440 721 1502 ut
752 1436 918 1502 rhetorica
951 1438 1051 1503 rebus
1087 1437 1117 1502 ei
1148 1437 1308 1503 subiectis
1340 1436 1438 1501 simili

313 1543 411 1624 modo
446 1546 548 1628 atque
584 1542 670 1609 aliae
706 1549 795 1609 artes
826 1545 1071 1625 terminaretur,
1104 1543 1268 1609 dissentit.
1321 1542 1437 1628 Neque

315 1653 427 1716 autem
461 1651 525 1715 sibi
556 1650 716 1733 constitit,
751 1670 826 1715 cum
858 1649 931 1716 aliis
955 1651 1036 1716 loeis
1059 1650 1235 1716 materiam
1260 1650 1438 1716 oratoriam

314 1758 396 1823 item
431 1779 471 1823 ao
501 1756 597 1823 Plato
635 1756 677 1821 ad
711 1761 801 1822 reete
836 1757 973 1822 vivendi
1006 1758 1171 1822 rationem
1207 1757 1322 1823 retulit
1355 1777 1437 1821 voce

224 1873 227 1880 ’
314 1868 472 1949 πολιτικῆς
496 1885 587 1947 usus,
618 1864 776 1950 quoniam
806 1885 915 1930 mores
938 1865 1106 1930 communi
1128 1864 1201 1929 vita
1223 1863 1346 1929 civium
1370 1885 1437 1930 oer-

314 1974 450 2053 nuntur,
476 1993 543 2056 qua
564 1971 601 2036 in
623 1991 658 2035 re
681 1970 903 2053 Hermagoras
929 1992 1006 2036 eum
1029 1973 1166 2037 secutus
1188 1974 1241 2037 est
1256 1969 1438 2036 statuenda

316 2079 513 2165 quaestione
538 2076 634 2142 ciali.
678 2077 867 2144 Aristotelis
891 2078 955 2143 looi
978 2079 1042 2143 huo
1066 2080 1261 2164 spectantes
1284 2077 1319 2143 hi
1343 2081 1437 2142 sunt:

316 2183 410 2270 (rhet.
446 2186 476 2248 A
511 2184 531 2248 2
566 2205 595 2269 p.
630 2184 715 2250 1356
736 2206 765 2266 a,
801 2185 858 2270 25)
890 2189 1055 2270 συμβαίνει
1084 2187 1141 2268 τὴν
1171 2187 1342 2270 ῥητορικὴν
1372 2185 1439 2248 οἷον

315 2295 482 2375 παραφυές
504 2317 531 2355 τι
553 2300 608 2375 τῆς
632 2294 824 2375 διαλεκτικῆς
847 2293 924 2357 εἶναι
947 2295 1000 2356 καὶ
1022 2301 1077 2377 τῆς
1099 2294 1231 2377 περὶτὰ
1255 2295 1320 2376 ἤθη
1337 2317 1437 2376 πραγ-

315 2401 450 2482 ματείας,
482 2403 521 2482 ἣν
557 2401 678 2464 δίκαιόν
709 2402 769 2464 ἔστι
803 2403 1050 2484 προσαγορεύειν
1080 2402 1250 2484 πολιτικήν.
1297 2398 1344 2465 Of.
1360 2397 1437 2462 ibid.

318 2505 381 2570 Α4
404 2527 433 2592 p.
453 2505 538 2571 1359
550 2505 582 2587 b,
601 2505 638 2574 9:
671 2509 690 2589 ἡ
723 2507 872 2589 ῥητορικὴ
897 2508 1054 2589 σύγκειται
1076 2508 1135 2590 μὲν
1158 2511 1193 2571 ἔκ
1224 2533 1256 2571 τε
1285 2514 1340 2589 τῆς
1363 2508 1438 2569 ἀνα-

316 2615 441 2697 λυτικῆς
464 2616 635 2697 ἐπιστήμης
658 2615 711 2676 καὶ
740 2620 795 2695 τῆς
817 2616 889 2696 περὶ
916 2614 953 2676 τὰ
977 2615 1043 2698 ἤθη
1067 2616 1233 2698 πολιτικῆς.
1280 2610 1440 2697 Aequod

316 2719 539 2801 Hermagoras
563 2720 598 2783 in
620 2718 804 2784 rhetoricae
829 2720 970 2784 materia
991 2719 1208 2785 describenda
1232 2738 1440 2785 communem

316 2827 426 2912 ipsum
466 2847 602 2891 sensum
640 2826 795 2911 respexit,
836 2827 935 2892 huius
971 2825 1102 2913 quoque
1140 2829 1189 2892 rei
1223 2829 1339 2892 a‘uotor
1377 2824 1441 2890 fuit

318 2931 525 3015 Aristoteles
559 2934 615 3018 qui
645 2933 729 2999 haee
760 2933 872 3005 doouit
900 2934 997 3019 (rhet.
1015 2935 1073 2999 Α.1
1101 2934 1345 3022 p.1354a‚1):
1378 2927 1439 3016 ἀμ-

318 3042 448 3124 φότεραι
472 3041 528 3126 (sc.
554 3044 573 3123 ἡ
598 3043 748 3125 ῥητορικὴ
778 3045 831 3106 καὶ
863 3044 882 3124 ἡ
916 3043 1103 3128 διαλεκτικὴ)
1127 3091 1134 3107 .
1159 3091 1165 3106 .
1188 3044 1260 3125 περὶ
1290 3043 1441 3112 τοιούτων

317 3155 411 3212 τινῶν
434 3151 509 3214 εἰσιν
532 3152 552 3211 ἃ
575 3150 666 3213 κοινὰ
689 3149 808 3231 τρόπον
830 3149 896 3211 τινὰ
929 3151 1077 3213 ἁπάντων
1108 3152 1169 3213 ἐστὶ
1193 3151 1356 3232 γνωρίζειν
1387 3149 1443 3212 καὶ

319 3257 469 3338 οὐδεμιᾶς
485 3257 655 3338 ἐπιστήμης
671 3257 907 3338 ἀφωρισμένης,
932 3274 1075 3340 quacum
1092 3255 1299 3340 expositione
1316 3253 1442 3320 Striller

319 3360 349 3444 (l.
366 3359 419 3426 all.
436 3382 465 3445 p.
485 3360 535 3441 19)
571 3359 632 3425 hos
656 3360 746 3426 looos
774 3360 860 3426 bene
893 3362 1114 3446 comparavit:
1146 3364 1229 3445 Aug.
1246 3383 1275 3448 p.
1295 3361 1367 3445 139,
1384 3361 1440 3426 13:

323 3469 438 3532 »extra
461 3487 594 3531 omnem
618 3470 724 3532 artem
748 3469 782 3532 et
805 3467 979 3533 seientiam
996 3467 1226 3552 conlocatus«3
1250 3468 1339 3554 Sulp.
1355 3467 1441 3533 Viot.

319 3595 349 3660 p.
374 3573 529 3655 313,17:
567 3572 709 3638 »nuliius
742 3573 823 3639 artis
854 3575 1017 3664 propria«3
1056 3574 1121 3640 iul.
1145 3575 1229 3642 Viot.
1253 3598 1283 3663 p.
1297 3575 1382 3658 373,
1404 3575 1441 3639 3:

323 3709 337 3738 »
358 3732 364 3746 .
389 3731 396 3744 .
422 3730 429 3744 .
452 3678 546 3744 nulla
570 3683 641 3744 arte
665 3682 796 3766 propria
820 3733 826 3746 .
852 3734 857 3746 .
882 3711 922 3746 .«
964 3680 1055 3746 idem
1078 3681 1147 3746 iere
1172 3683 1342 3748 invenitur
1364 3680 1441 3748 ibid.

319 3788 381 3852 Α2
406 3808 436 3872 p.
456 3786 540 3853 1357
549 3807 580 3870 a,
601 3787 634 3852 l:
666 3790 746 3852 ἔστιν
770 3790 804 3853 δὲ
834 3790 870 3853 τὸ
900 3792 994 3871 ἔργον
1017 3791 1113 3872 αὐτῆς
1142 3793 1216 3873 περί
1236 3816 1267 3854 τε
1290 3791 1442 3854 τοιούτων

319 3895 390 3977 περὶ
414 3892 461 3958 ὧν
484 3896 707 3977 βουλευόμεθα
732 3893 785 3980 (of.
809 3894 871 3960 hes
896 3894 1121 3980 quaestiones,
1151 3918 1236 3981 quas
1260 3894 1373 3961 civiles
1391 3895 1440 3960 ab

319 4000 524 4082 Hermagora
547 3999 736 4065 intellectas
769 4022 842 4066 esse
866 4002 963 4066 nobis
997 4003 1064 4067 iam
1095 4005 1214 4068 notum
1245 4006 1313 4068 est:
1345 4005 1441 4068 estne

321 4106 443 4192 aliquid
476 4105 655 4172 honestum
688 4129 733 4173 an
763 4108 989 4192 inhonestum,
1029 4109 1110 4174 utile
1143 4131 1186 4174 an
1218 4109 1335 4175 inutile
1367 4111 1439 4191 etc.)

321 4216 388 4300 καὶ1
403 4217 513 4297 τέχνας
535 4216 580 4298 μὴ
615 4218 730 4298 ἔχομεν
763 4213 812 4294 (cf.
837 4215 958 4282 iterum
981 4217 1064 4299 Aug.
1088 4237 1117 4302 p.
1144 4217 1219 4300 139,
1236 4217 1291 4282 13:
1327 4219 1443 4282 »extra
