3224 5044
641 452 865 518 ,37-

190 646 323 692 omnem
346 631 450 692 artem
484 632 518 693 el
542 629 734 695 seientiam«
763 635 797 696 et
820 631 982 696 Jul.Viot.
999 653 1028 717 p.
1046 631 1173 714 373‚3:
1209 634 1315 700 »Sunt

190 735 306 798 autem
330 733 527 800 eudemum
552 735 662 801 eivilie
684 738 829 819 negotia,
860 733 946 823 quee
970 737 1063 802 nulle
1086 741 1159 803 erte
1182 741 1314 825 propriu

190 840 450 927 continentum),
474 844 527 906 καὶ
550 845 584 906 ἒν
599 851 663 914 τοῖς
685 846 836 916 τοιούτοις
860 847 1030 928 ἀκροαταῖς
1050 849 1084 909 οἳ
1103 848 1142 910 οὗ
1167 848 1313 911 δύνανται

191 948 242 1012 διὰ
265 951 392 1012 πολλῶν
416 956 554 1031 συνορᾶν
583 951 659 1015 οὐδὲ
681 953 861 1033 λογίζεσάσι
883 953 1067 1036 πόρρωθεν.
1087 982 1088 988 “
1113 951 1214 1018 Porro
1238 973 1314 1018 oum

190 1053 243 1118 his
258 1055 368 1120 verbis
385 1055 565 1137 Augustini
588 1077 617 1142 p.
637 1056 708 1140 139,
721 1057 758 1122 3:
788 1058 919 1123 »omnia
942 1079 1172 1144 quaecumque
1196 1059 1312 1126 huius-

188 1160 278 1225 modi
301 1165 391 1246 sunt‚
416 1165 455 1228 ut
478 1184 518 1228 ee
541 1164 668 1229 nescire
688 1164 806 1250 pudori
830 1165 882 1250 sit,
908 1169 943 1230 et
965 1186 1052 1251 quae
1079 1165 1132 1231 vel
1155 1166 1311 1249 ignoran-

188 1273 251 1349 tes,
286 1268 383 1354 quasi
414 1270 558 1336 solemus
589 1275 714 1354 temen,
752 1292 827 1337 eum
859 1272 1072 1338 simulatione
1105 1294 1184 1359 prae
1216 1273 1312 1340 nobis

187 1374 335 1458 ferimus,
360 1377 634 1464 quotiescumque
651 1379 685 1443 in
703 1378 947 1444 dubitationem
963 1382 1136 1463 vocantur,
1160 1379 1314 1446 efficiunt

189 1481 319 1547 civilem
354 1483 605 1569 quaestionem«
642 1486 725 1551 haee
759 1485 869 1551 verbe
892 1486 1085 1552 Aristotelis
1128 1486 1312 1552 rhetoricae

189 1588 391 1654 eonferenda
422 1593 502 1655 sunt
533 1593 574 1673 (A
601 1592 641 1656 10
668 1614 698 1678 p.
719 1592 804 1659 1368
816 1593 847 1676 b,
863 1593 934 1678 21):
967 1597 985 1658 ὁ
1017 1596 1170 1677 δ’ἄφρων
1201 1596 1252 1659 διὰ
1275 1595 1310 1659 τὸ

189 1698 370 1761 ἀπατᾶσθαι
392 1700 464 1780 περὶ
486 1700 522 1762 τὸ
546 1701 667 1764 δίκαιον
690 1702 743 1764 καὶ
766 1703 885 1765 ἄδικον.
924 1699 1009 1765 Vide
1033 1704 1207 1786 praeterea
1229 1700 1312 1766 rhet.

188 1803 248 1867 Al
282 1825 312 1889 p.
337 1804 421 1870 1355
435 1826 464 1883 a,
483 1807 541 1870 24:
572 1808 654 1889 πρὸς
685 1807 822 1892 ἀνίουςῙ)
846 1809 919 1872 οὐδ’
945 1811 974 1872 εἰ
1000 1809 1057 1891 τὴν
1087 1809 1312 1892 ἀκριβεστάτην

187 1913 313 1994 ἔχοιμεν
336 1915 517 1996 ἐπιστήμην,
549 1915 661 1997 ῥᾴδιον
683 1916 735 1977 ἀπ’
762 1917 881 1998 ἐκείνης
903 1923 1005 1980 πεῖσαι
1027 1917 1174 1998 λέγοντας
1194 1932 1200 1945 ·
1221 1917 1310 1979 διδα-

187 2020 316 2089 σκαλίας
340 2021 400 2103 γάρ
424 2023 503 2085 ἐστιν
532 2023 550 2085 ὁ
581 2022 660 2085 κατὰ
690 2023 747 2105 τὴν
778 2024 951 2106 ἐπιστήμην
981 2024 1075 2104 λόγος
1085 2021 1119 2109 2),
1149 2029 1242 2086 τοῦτο
1275 2024 1310 2086 δὲ

186 2126 351 2200 ἀδύνατον,
385 2129 454 2190 ἀλλ’
481 2129 625 2211 ἀνάγκη
658 2129 717 2192 διὰ
748 2135 822 2193 τῶν
851 2136 994 2194 κοινῶν
1024 2131 1219 2193 ποιεῖσθαι
1246 2130 1310 2200 τὰς

185 2233 326 2302 πίστεις
348 2235 411 2296 nol
433 2234 519 2305 τοὺς
542 2236 692 2316 λόγους,
725 2238 834 2320 ὥσπερ
857 2238 911 2300 καί
934 2238 968 2300 ἐν
989 2243 1054 2306 τοῖς
1075 2243 1216 2308 τοπικοῖς
1238 2235 1309 2322 (12)

185 2339 332 2422 ἐλέγομεν
355 2343 426 2424 περὶ
448 2349 503 2425 τῆς
524 2342 607 2424 πρὸς
629 2343 701 2413 τοὺς
724 2344 888 2413 πολλοὺς
911 2344 1150 2424 loreolam)

275 2462 401 2542 Quibus
425 2465 731 2552 comparationibus
754 2469 933 2553 postquem
956 2467 1049 2532 notio
1075 2470 1235 2532 πολιτικοῦ
1259 2467 1309 2533 ite

187 2567 357 2635 illustrate
381 2575 443 2654 est,
473 2576 512 2637 ut
535 2573 750 2658 quaestiones
774 2573 978 2659 philosophis
1003 2574 1240 2638 convenientes
1264 2573 1307 2638 eb

185 2697 227 2740 ee
251 2676 426 2744 abhorrere
450 2683 620 2765 appareat,
645 2682 761 2762 restat,
777 2683 826 2762 ut,
852 2679 1008 2745 omniane
1029 2679 1086 2744 ille
1102 2679 1167 2745 tria
1183 2700 1306 2762 genera

275 2855 293 2924 ¹)
314 2855 461 2910 Sententia
480 2856 524 2910 hie
543 2857 653 2927 prolate
671 2855 730 2912 τοὺς
746 2853 858 2912 πολλοὺς
871 2874 920 2927 pro
934 2853 1014 2912 ἐνίους
1026 2856 1164 2927 postulari
1178 2860 1307 2927 apertum

185 2946 230 2996 est
248 2947 335 3014 atque
353 2944 422 2998 illud
441 2945 548 3010 rhetor,
569 2963 652 3016 quem
671 2947 769 3000 laudet
783 2947 903 3016 Spengel
923 2947 1081 3014 (comment.
1095 2963 1121 3016 p.
1134 2945 1187 3014 24),
1206 2946 1307 3016 legisse

183 3032 303 3087 videtur.

274 3123 293 3192 r)
313 3123 356 3178 Cf.
374 3122 447 3178 Plat.
462 3124 546 3192 Gorg.
559 3140 587 3193 p.
601 3124 652 3178 455
667 3125 704 3178 A:
721 3123 757 3174 ‘H
768 3123 893 3194 ῥητορικὴ
913 3163 919 3176 .
941 3163 946 3175 .
965 3124 1075 3178 πειθοῦς
1088 3119 1240 3192 δημιουργὸς
1252 3123 1309 3174 ἔστι

182 3215 353 3277 πιστευτιιτῆς,
373 3209 426 3264 ἀλλ’
450 3211 478 3265 οἷν
498 3209 688 3277 διδασκαλικῆς.

274 3303 292 3369 ⁸)
312 3302 356 3354 Ad
381 3302 456 3356 hano
480 3302 651 3356 sententiam
675 3302 711 3357 of.
736 3304 808 3357 rhet.
834 3301 905 3355 1322
923 3319 949 3372 p.
966 3301 1126 3366 1395b,27:
1152 3304 1229 3353 τοῦτο
1254 3301 1304 3372 γὰρ

184 3389 271 3441 αἴτιον
288 3393 333 3442 καὶ
350 3393 396 3442 τοῦ
414 3392 613 3461 πιθανωτέρους
631 3387 699 3443 εἶναι
716 3392 775 3448 τοὺς
793 3389 963 3447 ἀπαιδεύτους
981 3393 1034 3443 τῶν
1051 3386 1265 3458 πεπαιδευμένων
1277 3388 1305 3442 ἐν

185 3479 240 3534 τοῖς
258 3476 348 3544 ὄχλοις,
369 3478 456 3550 ὥσπερ
476 3483 556 3547 φασὶν
574 3475 601 3531 οἱ
617 3484 726 3546 ποιηταὶ
744 3480 803 3536 τοὺς
821 3477 992 3536 ἀπαιδείτσυς
1009 3479 1069 3550 παρ’
1093 3477 1159 3546 ἀχλῳ
1177 3499 1305 3547 μουσικω-

182 3570 271 3637 τέρους
283 3565 372 3637 λέγειν·
386 3565 472 3637 οἱμὲν
483 3569 533 3638 γὰρ
546 3568 580 3620 τὰ
598 3569 673 3620 κοινὰ
693 3571 750 3638 (isti
771 3571 832 3622 voci
851 3570 897 3624 hio
915 3571 999 3624 aliem
1012 3571 1184 3623 sententium
1198 3571 1305 3623 subiec-

183 3660 243 3710 tam
268 3675 330 3712 esse
359 3676 393 3713 ao
416 3660 479 3712 loeo
502 3674 587 3728 supra
612 3659 699 3712 allato
723 3660 812 3728 peleti
843 3662 888 3709 καὶ
911 3655 1028 3710 καθόλου
1046 3654 1169 3727 λέγουσιν,
1189 3652 1257 3709 οἰδ
1276 3655 1305 3720 ἐξ

183 3737 220 3798 ὧν
238 3745 316 3808 ίσασι,
341 3750 386 3799 καὶ
410 3746 444 3798 τὰ
463 3744 540 3816 ἐγγὺς·
560 3744 615 3798 ἀπ’
640 3745 685 3799 oin
703 3744 731 3810 ἐξ
749 3745 875 3800 ἁπάντων
892 3751 946 3799 τῶν
964 3743 1108 3798 δοκοάντων
1126 3743 1178 3797 ἀλλ’
1203 3743 1231 3796 ἐκ
1248 3749 1305 3797 τιῖν

183 3833 333 3903 ὡρισμένων
350 3833 461 3899 λεκτέον,
481 3831 537 3888 οἷον
554 3836 571 3887 λ
589 3837 643 3893 τοῖς
660 3837 792 3906 κρίνουσιν
810 3835 826 3900 ’ἢ
845 3836 886 3892 οὓς
905 3832 1087 3901 ἀποδέχονται,
1112 3838 1252 3886 καὶτοῦτο
1272 3830 1304 3899 δὴ

182 3921 225 3975 ότι
248 3922 326 3980 οὕτως
351 3926 479 3993 φαίνεται,
506 3922 584 3990 δῆλον
608 3922 675 3978 εἶναι
699 3924 799 3977 ἅπασιν
822 3925 911 3990 lisois
928 3921 1067 3986 πλείστοις,
1092 3927 1137 3974 καὶ
1159 3922 1196 3990 μὴ
1221 3921 1304 3990 μόνον

183 4011 299 4081 συνάγειν
323 4011 351 4064 ἐκ
373 4017 426 4066 τῶν
450 4013 607 4083 ἀναγκαίων,
631 4011 699 4065 ἀλλὰ
722 4018 766 4065 καὶ
792 4012 821 4066 ἐκ
838 4017 891 4066 τῶν
910 4013 943 4069 ὡς
961 4011 1005 4064 ἐπὶ
1023 4012 1053 4064 τὸ
1071 4009 1147 4065 πολὺ.
1185 4012 1227 4067 Cf.
1247 4012 1302 4065 cie.

184 4102 218 4156 de
237 4120 277 4157 or.
296 4103 407 4167 13,12;
434 4104 478 4157 »in
504 4102 623 4158 dicendo
649 4145 655 4158 .
681 4145 685 4157 .
711 4103 813 4156 vitium
836 4104 881 4156 vel
904 4103 1056 4156 maximum
1081 4101 1127 4167 sit,
1152 4119 1170 4155 a
1194 4099 1303 4170 vulgari

181 4207 284 4259 genere
307 4191 442 4245 orationis
467 4195 554 4263 atque
573 4209 591 4245 a
610 4192 814 4246 consuetudine
833 4191 989 4245 eommunis
1008 4207 1106 4244 sensus
1125 4189 1302 4246 abhorrere«

182 4279 250 4334 Ibid.
270 4280 294 4333 lI
309 4280 404 4344 16,68.
441 4282 517 4335 Part.
538 4298 579 4336 or.
597 4280 640 4344 23,
652 4281 695 4336 79.
