3198 5054
596 411 838 476 -105—

160 589 199 654 de
223 587 469 655 conformandis
492 588 667 654 hominum
690 589 838 655 moribus
861 588 973 654 littera
996 587 1090 654 nulla
1113 588 1148 652 in
1164 608 1278 654 eorum

158 695 250 762 libris
273 695 488 762 inveniretur.
535 695 612 781 Ipsa
635 715 714 761 vero
745 697 925 782 praecepta
952 694 1000 760 sic
1029 693 1167 764 illudere
1192 695 1280 760 solo-

159 803 226 887 hat,
253 804 293 867 ut
316 801 508 868 ostenderet
531 823 599 868 non
622 800 720 868 modo
745 823 803 868 eos
828 803 981 888 expertes
1006 800 1183 867 esseillius
1200 823 1279 888 pru-

159 908 303 992 dentiae,
328 929 430 994 quam
453 909 516 974 sibi
539 908 750 991 asciscerent
774 907 833 974 sed
856 929 899 974 ne
918 909 1006 974 hanc
1022 908 1155 994 quidem
1172 909 1279 994 ipsam

159 1015 289 1082 dicendi
311 1016 476 1082 rationem
499 1037 539 1082 ac
562 1017 651 1081 viam
677 1037 803 1084 nossa«

249 1123 314 1189 Sed
347 1124 430 1189 satis
463 1143 628 1209 superque
652 1123 776 1189 dictum
806 1125 857 1189 est
881 1121 922 1188 de
955 1123 1153 1208 quaestione
1184 1121 1280 1188 civili.

159 1231 242 1312 Quid
266 1233 380 1296 autem
402 1231 554 1301 ὑπόθεσις
578 1233 613 1296 et
634 1232 731 1304 θέσις,
754 1230 790 1294 in
814 1251 898 1315 quas
921 1230 979 1296 illa
994 1228 1171 1314 discedit,1)
1195 1229 1281 1296 inter

159 1361 193 1404 se
218 1337 386 1420 differant,
411 1336 634 1419 Hermagoras
658 1336 710 1402 his
733 1335 802 1402 iere
827 1337 973 1423 verbis2)
999 1336 1186 1422 explicavit.

245 1445 414 1516 Ὑπόὼεσίς
437 1447 517 1509 ἐστιν
540 1447 702 1527 ἐπίσκεψις
740 1446 974 1528 ἀμφισβήτησιν
1011 1446 1141 1528 λογικὴν
1178 1446 1280 1508 ἐπιδε-

158 1555 277 1637 χομένη
301 1553 380 1635 μεθ’
406 1553 596 1634 ὡρισμένων
617 1553 804 1634 προσώπων
826 1553 1047 1633 περιστάσεως.

251 1659 343 1730 Θέσις
366 1660 445 1724 ἐστὶν
476 1661 638 1740 ἐπίσκεψις
665 1660 898 1741 ἀμφισβήτησιν
920 1659 1050 1740 λογικὴν
1073 1659 1279 1740 ἐπιδεχομένη

159 1769 233 1832 ἄνευ
265 1767 454 1849 ὡρισμένων
484 1767 671 1848 προσώπων
702 1767 923 1849 περιστάσεως.
969 1762 1150 1830 Generales
1180 1763 1282 1846 igitur

159 1873 373 1959 quaestiones
397 1893 439 1938 ex
462 1871 514 1937 his
539 1871 791 1938 delinitionibus
816 1893 837 1936 a
861 1870 1060 1957 specialibus
1085 1892 1124 1936 eo
1141 1868 1279 1951 distant,

160 1978 246 2066 quod
268 2000 337 2045 non
360 1981 516 2066 spectant
547 1978 592 2043 ad
618 1999 779 2064 personas
803 1977 970 2060 definitas,
1003 1978 1022 2044 i.
1039 2001 1067 2044 e.
1091 1977 1281 2044 nominibus

159 2087 294 2173 propriis
333 2090 478 2152 notatas.
532 2086 735 2171 Neutiquam
775 2089 889 2152 autem
919 2087 956 2150 τὰ
986 2095 1041 2166 τῆς
1070 2087 1281 2168 περιστάσεως

159 2197 254 2277 μόρια
264 2195 286 2274 8)
322 2193 452 2279 propria
476 2214 550 2258 esse
574 2199 639 2258 τῶν
661 2195 852 2259 ὑποθέσεων
874 2193 928 2258 hic
950 2191 1103 2274 traditur,
1134 2190 1168 2256 id
1192 2190 1280 2277 quod

250 2424 269 2494 ¹)
288 2426 408 2494 August.
423 2442 449 2494 p.
464 2424 523 2488 139,
534 2424 582 2478 23:
599 2425 677 2478 »Duo
691 2427 758 2477 sunt
771 2423 851 2494 primi
864 2426 893 2477 et
906 2423 988 2494 quasi
1000 2423 1146 2492 generales
1160 2423 1281 2477 civilium

164 2514 239 2567 modi
268 2513 473 2585 quaestionum,
502 2530 619 2584 quorum
639 2513 711 2566 alter
729 2512 828 2577 thasie,
849 2511 921 2566 alter
940 2511 1107 2582 hypothesis
1126 2519 1246 2566 vocatur
1264 2529 1282 2566 a

160 2602 296 2659 Graecis«
336 2602 377 2657 Gi.
398 2603 474 2673 Sulp.
494 2601 565 2657 Vict.
584 2619 611 2673 p.
625 2601 723 2668 314,6.

247 2693 265 2758 ²5
286 2691 393 2746 Theon.
418 2707 496 2762 prog.
517 2691 735 2762 Sp.11120,13:
762 2692 836 2746 Θέτις
861 2687 932 2741 ἐστὶν
956 2689 1093 2759 ἐπίσκεψις
1117 2686 1207 2758 doymi]
1230 2688 1281 2756 ἆμ-

160 2779 315 2850 φισβὴτησιν
333 2777 501 2848 ἐπιδεχομένη
520 2779 580 2831 ἄνευ
598 2778 748 2851 προσώπων
760 2777 911 2849 ὡρισμένων
926 2779 978 2848 [καὶ
989 2777 1082 2848 πάσης]
1097 2777 1280 2849 περιστάσεως,

150 2865 214 2928 ,οἷον
233 2870 256 2922 εἰ
273 2871 411 2938 γαμητέον.
449 2869 543 2924 Verba
561 2870 640 2923 uncis
660 2869 769 2922 inclusa
787 2869 913 2923 tollenda
933 2885 1063 2922 essenon
1077 2867 1168 2922 solum
1182 2868 1282 2922 ceteris

159 2960 226 3013 locis
236 2959 280 3013 hic
294 2959 404 3013 collatis
418 2961 543 3030 apparet,
557 2958 607 3012 scd
621 2957 707 3012 etiam
720 2973 754 3011 ex
768 2956 896 3026 exemplo
908 2957 1007 3012 θέσεως
1020 2975 1046 3027 p.
1062 2957 1120 3020 128,
1131 2957 1148 3011 5
1161 2957 1281 3028 prolato,

159 3049 187 3102 in
218 3065 273 3119 quo
305 3048 519 3102 circumstantia
548 3063 686 3119 personae
709 3047 733 3100 si
757 3063 815 3100 non
838 3046 951 3100 nomine
983 3046 1103 3117 proprio,
1130 3049 1161 3100 at
1185 3049 1282 3100 tamen

161 3137 332 3210 appellativo
347 3136 496 3206 designata
510 3136 683 3192 inveniatur:
697 3130 722 3187 εἰ
732 3131 836 3205 βασιλεῖ
845 3136 984 3203 γαμητέον.
1004 3135 1123 3204 August.
1136 3150 1164 3204 p.
1180 3134 1238 3188 140.
1252 3135 1280 3187 1;

163 3226 277 3281 »Thesis
315 3228 359 3280 cst
389 3242 442 3290 res,
479 3241 551 3297 quae
582 3225 709 3279 admittit
738 3225 906 3278 rationalem
938 3223 1192 3278 considerationem
1222 3223 1282 3276 sine

161 3315 326 3370 definitione
344 3331 496 3385 personae3
518 3313 685 3386 hypothesis
705 3317 748 3368 est
767 3330 818 3368 seu
837 3312 1031 3368 controversia
1051 3355 1056 3365 .
1078 3354 1082 3366 .
1104 3355 1110 3367 .
1130 3327 1182 3376 res¹
1210 3327 1282 3383 quae

159 3405 284 3459 admittit
302 3403 468 3458 rationalem
487 3404 698 3458 contentionem
718 3419 781 3456 cum
795 3401 959 3457 definitione
971 3417 1131 3474 personae.‹
1171 3402 1227 3456 Cic.
1248 3401 1282 3454 de

159 3494 214 3549 inv.
233 3493 322 3559 lae:
345 3493 547 3561 »Hermagoras
567 3534 573 3547 .
594 3536 599 3548 .
620 3535 625 3546 .
646 3507 760 3548 causam
779 3509 842 3546 esse
862 3491 930 3546 dicit
949 3508 1016 3557 rem,
1037 3507 1110 3563 quae
1130 3492 1236 3546 habeat
1254 3491 1281 3544 in

161 3601 192 3638 se
211 3583 432 3638 controversiam
450 3581 479 3636 in
499 3583 616 3637 dicendo
635 3583 757 3652 positam
776 3597 839 3636 cum
852 3597 1034 3652 personarum
1047 3585 1185 3636 certarum
1198 3581 1283 3634 inter-

159 3673 317 3742 positione;
338 3711 344 3725 .
364 3714 370 3726 .
391 3713 397 3726 .
418 3672 612 3743 quaestionem
631 3673 728 3726 autem
748 3687 810 3725 eam
829 3671 961 3741 appellat,
990 3685 1062 3741 quae
1080 3669 1187 3723 habeat
1204 3670 1233 3723 in
1252 3685 1282 3722 sc

160 3761 381 3815 controversiam
405 3761 433 3815 in
459 3760 578 3814 dicendo
602 3760 726 3830 positam
751 3761 811 3814 sine
837 3761 976 3813 certarum
995 3774 1178 3828 personarum
1196 3757 1282 3811 inter-

158 3850 323 3920 positione«
364 3849 438 3920 Sulp.
458 3849 531 3902 Vict.
551 3866 577 3918 p.
591 3848 651 3913 314,
664 3848 694 3902 9:
714 3848 814 3902 'Phasis
834 3852 879 3902 est
899 3890 904 3901 .
926 3891 931 3901 .
952 3889 957 3901 .
978 3864 1022 3900 res
1040 3845 1207 3900 rationalem
1228 3846 1282 3899 dis·

158 3939 336 4008 putationem
369 3938 505 4008 recipiens
537 3938 597 3992 sine
632 3938 813 3992 definitarum
846 3952 1029 4008 personarum
1057 3935 1280 3990 circumstantia:

159 4026 327 4100 hypothesis
350 4043 394 4080 res
422 4028 590 4082 rationalem
616 4027 837 4097 disputationem
862 4025 999 4096 recipiens
1019 4041 1082 4101 cum
1102 4023 1281 4078 definitarum

158 4133 341 4188 personarum
361 4115 597 4170 circumstantia.‹
637 4116 678 4169 Cf.
698 4115 798 4169 Thielii
817 4116 947 4181 Hermag.
966 4131 992 4183 p.
1006 4113 1049 4168 28.

248 4207 267 4276 ³)
286 4205 329 4260 De
354 4206 453 4276 quihus
476 4204 541 4258 vide
565 4204 698 4274 imprimis
718 4204 842 4258 Theonis
863 4219 939 4274 prog.
961 4203 1006 4273 Sp.
1021 4202 1100 4268 1178,
1117 4202 1200 4272 leq.
1240 4201 1281 4256 Ul.

159 4293 261 4349 Thielii
279 4294 410 4362 Hermag.
430 4311 456 4363 p.
470 4293 505 4346 39
516 4310 575 4363 sqq.
