3198 5054
600 443 918 510 -135-'

164 623 241 708 quia
254 643 323 687 non
333 625 385 688 est
394 622 535 688 definita
546 643 697 708 persona.

165 728 248 809 Quid
287 729 377 794 euim
416 732 470 794 cst
508 729 596 814 quod
634 728 698 795 dici

164 837 269 921 possit
292 857 335 901 ex
355 837 606 901 circumstantia
621 857 697 922 pcr-

165 939 290 1024 sonaa'
316 943 410 1008 cuius
444 963 553 1029 neque
589 963 697 1008 mores

163 1070 271 1135 neque
315 1055 395 1115 ante
438 1052 550 1115 actam
592 1051 698 1115 vitam

164 1176 271 1242 neque
304 1158 450 1222 aetatem
482 1177 590 1242 neque
623 1157 699 1222 odia

166 1261 327 1329 adversus
362 1283 448 1346 eum,
485 1266 540 1348 qui
569 1263 698 1329 occisus
802 1266 804 1268 ’

165 1372 225 1453 est,
242 1358 386 1456 prolerre
402 1370 606 1456 possumus?
636 1369 699 1435 Hic

165 1475 698 1560 cessatlocusavoluntate‚otiam

164 1583 249 1649 alter
272 1605 294 1649 a
316 1581 488 1648 facultate.

252 1689 405 1756 Ueterum
435 1693 669 1776 praeterquam
701 1690 790 1777 quod
821 1691 1064 1773 Hermogenem
1099 1711 1141 1756 ex
1174 1691 1285 1757 alieno

164 1797 361 1883 praedatum
383 1818 457 1863 osse
473 1797 541 1862 iam
558 1797 858 1882 comprobavimus,
884 1801 922 1863 ut
937 1797 972 1862 in
989 1819 1097 1883 aequo
1113 1798 1287 1883 ponendus

164 1904 208 1969 sit
238 1925 278 1970 ac
309 1903 489 1990 Sulpicius²
521 1905 555 1968 in
586 1903 674 1969 illius
708 1906 857 1970 tractatu
890 1904 1118 1990 epitomatoris
1149 1926 1287 1971 manum

164 2011 246 2077 haec
269 2012 422 2096 produnt.
470 2012 679 2097 Quamquam
704 2032 734 2097 p.
753 2011 825 2095 149,
840 2011 883 2076 20
900 2011 954 2096 Sp.
971 2011 1018 2076 sio
1043 1992 1158 2097 aperte
1183 2012 1287 2098 scrip-

164 2121 236 2183 tum
262 2118 330 2205 est:
351 2119 397 2182 Ἡ
413 2120 473 2202 μὲν
498 2120 536 2201 δὴ
568 2127 624 2183 τοῦ
654 2120 771 2184 τελείου
802 2145 833 2183 τε
864 2121 918 2184 καὶ
949 2121 1081 2185 ἁπλοῦ
1105 2127 1287 2203 στοχασμοῦ

165 2227 311 2310 διαίρεσις
342 2228 431 2309 αὕτη,
462 2227 577 2290 tamen
608 2227 643 2291 in
667 2226 726 2309 eis,
758 2245 845 2312 quae
869 2225 1084 2310 praecedunt,
1108 2247 1137 2311 p.
1157 2226 1230 2308 143,
1244 2226 1288 2291 28

166 2330 353 2418 exemplum
379 2331 573 2417 duplicis
598 2333 808 2399 coniecturae
832 2352 955 2417 ponere
979 2353 1048 2398 non
1072 2332 1249 2417 dubitavit,
1260 2333 1287 2418 1)

164 2437 197 2504 id
230 2438 318 2524 quod
350 2441 521 2504 auctorem
552 2459 620 2504 non
647 2439 712 2504 nisi
736 2461 839 2505 causa
862 2438 994 2525 prolata
1017 2439 1137 2505 fecisse
1162 2442 1289 2506 certum

166 2549 224 2611 ost.
264 2544 408 2611 Omnino
428 2545 670 2629 Hermogenem
693 2547 837 2632 primum
860 2567 927 2612 non
951 2567 1018 2612 uno
1043 2545 1204 2631 exemplo,
1230 2547 1289 2612 sed

165 2653 280 2718 statim
316 2651 457 2718 diversis
493 2653 605 2739 capita
640 2656 752 2720 status
787 2653 1019 2720 coniecturalis
1049 2653 1235 2719 illustrasse
1268 2675 1289 2719 a

165 2759 307 2845 pristina
336 2758 445 2825 forma
476 2760 646 2826 doctrinae
678 2760 825 2827 alienum
857 2781 931 2827 esse
963 2760 1137 2848 apparetfl)
1187 2759 1288 2826 Porro

166 2867 466 2932 animadvertimus
491 2869 559 2932 tres
584 2868 711 2952 species
735 2869 806 2933 eius
831 2867 959 2955 capitis,
985 2866 1073 2954 quod
1096 2870 1236 2934 vocatur
1250 2868 1287 2932 τὰ

165 2976 325 3058 ἀπ’ἀρχῆς
354 2976 427 3057 ἄχρι
456 2976 573 3048 τέλους,
604 2995 671 3038 nou
704 2995 764 3040 suo
787 2973 860 3040 loco
885 2977 1109 3057 enumeratas,
1142 2974 1201 3039 sed
1225 2974 1288 3039 sub

164 3082 220 3164 τὴν
249 3089 304 3164 τῆς
334 3084 431 3152 αἰτίας
461 3081 662 3165 perdomui)
709 3081 927 3164 Hermogenis
959 3084 1074 3147 autem
1104 3083 1288 3146 tractatum

165 3187 381 3274 posteriorem
404 3187 597 3253 habendum
622 3208 695 3253 esse
720 3209 821 3274 quam
846 3209 932 3271 eum,
958 3209 1023 3275 quo
1048 3187 1183 3272 Sulpicii
1207 3207 1287 3252 oon-

165 3294 299 3377 sinetur,
323 3297 456 3379 praeter
477 3293 600 3359 indicia
623 3295 794 3380 proposita
817 3317 860 3360 ex
882 3296 946 3361 hac
969 3294 1179 3380 potissimum
1196 3314 1287 3360 com-

165 3401 340 3485 paratione
365 3401 584 3484 cognoscitur.

210 3525 538 3592 Senecaecontr.Vlss
612 3525 787 3611 SulpVict.
797 3548 826 3611 p.
837 3527 912 3609 331,
986 3525 1140 3610 Hermog.
1164 3547 1193 3612 p.
1214 3525 1286 3609 143,

165 3654 195 3717 p.
212 3630 275 3697 261
296 3631 353 3698 Μ.;
386 3631 537 3716 Quidam,
571 3632 625 3698 14:
654 3631 795 3712 Quidam
818 3635 912 3698 retu·
941 3634 1000 3699 28:
1034 3637 1199 3717 μνωμένῳ
1232 3634 1289 3698 τινὶ

166 3739 538 3805 cumhabaretuxorem
566 3738 605 3805 lit
628 3738 672 3804 ad
696 3760 843 3821 uxorem,
869 3761 912 3805 an
940 3741 1042 3824 κόρην
1065 3744 1084 3824 ἡ
1104 3743 1209 3823 μήτηρ
1226 3743 1287 3824 ἔφη

166 3849 201 3911 et
224 3866 266 3910 ex
290 3867 331 3911 ea
350 3845 457 3911 filiam
473 3867 538 3911 nu·
566 3845 672 3912 filiam
703 3867 912 3912 communem
940 3855 995 3930 τῆς
1003 3849 1103 3931 κόρης
1115 3848 1287 3911 Honoras-

255 4095 274 4164 ¹)
294 4095 335 4149 Of.
355 4095 433 4165 Sulp.
452 4095 524 4148 Vict.
544 4111 571 4164 p.
584 4094 645 4159 331,
659 4094 692 4148 14
702 4095 735 4149 H.

255 4185 275 4252 ⁹)
295 4183 337 4238 of.
357 4200 372 4238 e
392 4184 535 4239 contrario
556 4185 632 4254 Sulp.
651 4184 725 4238 Vict.
745 4200 771 4254 p.
785 4183 845 4248 325,
857 4183 1025 4248 26-327,7.

255 4275 274 4341 ³)
293 4273 386 4328 Herm.
407 4274 452 4343 Sp.
465 4273 490 4326 Il
506 4272 564 4336 146,
575 4272 618 4326 25.
