<?xml version="1.0" encoding="UTF-8"?>
<!DOCTYPE html PUBLIC "-//W3C//DTD XHTML 1.0 Transitional//EN"
    "http://www.w3.org/TR/xhtml1/DTD/xhtml1-transitional.dtd">
<html xmlns="http://www.w3.org/1999/xhtml" xml:lang="en" lang="en">
 <head>
  <title>
</title>
<meta http-equiv="Content-Type" content="text/html;charset=utf-8" />
  <meta name='ocr-system' content='tesseract 3.04.00' />
  <meta name='ocr-capabilities' content='ocr_page ocr_carea ocr_par ocr_line ocrx_word'/>
</head>
<body>
  <div class='ocr_page' id='page_1' title='image "./destatuumdoctri00jaengoog_0047.png"; bbox 0 0 3224 5044; ppageno 0'>
   <div class='ocr_carea' id='block_1_1' title="bbox 782 427 996 492">
    <p class='ocr_par' dir='ltr' id='par_1_1' title="bbox 782 427 996 492">
     <span class='ocr_line' id='line_1_1' title="bbox 782 427 996 492; baseline -0.005 -18"><span class='ocrx_word' id='word_1_1' title='bbox 782 427 996 492; x_wconf 66' lang='lat'>-34..</span> 
     </span>
    </p>
   </div>
   <div class='ocr_carea' id='block_1_2' title="bbox 285 604 1458 2400">
    <p class='ocr_par' dir='ltr' id='par_1_2' title="bbox 285 604 1458 2400">
     <span class='ocr_line' id='line_1_2' title="bbox 294 604 1454 692; baseline -0.003 -19"><span class='ocrx_word' id='word_1_2' title='bbox 294 607 297 612; x_wconf 46' lang='lat'><strong>¹</strong></span> <span class='ocrx_word' id='word_1_3' title='bbox 331 609 546 692; x_wconf 83' lang='lat' dir='ltr'><strong>praeceptum</strong></span> <span class='ocrx_word' id='word_1_4' title='bbox 577 609 661 670; x_wconf 81' lang='grc' dir='ltr'><em>»κατ’</em></span> <span class='ocrx_word' id='word_1_5' title='bbox 687 607 753 689; x_wconf 90' lang='grc' dir='ltr'><em>εἴδη</em></span> <span class='ocrx_word' id='word_1_6' title='bbox 777 609 871 689; x_wconf 89' lang='grc' dir='ltr'><em>μέχρι</em></span> <span class='ocrx_word' id='word_1_7' title='bbox 893 613 949 670; x_wconf 80' lang='grc' dir='ltr'><strong>τοῦ</strong></span> <span class='ocrx_word' id='word_1_8' title='bbox 973 608 1112 688; x_wconf 79' lang='grc' dir='ltr'><em>ἀτμήτου</em></span> <span class='ocrx_word' id='word_1_9' title='bbox 1136 609 1275 688; x_wconf 82' lang='grc' dir='ltr'><em>τέμνειν&lt;&lt;</em></span> <span class='ocrx_word' id='word_1_10' title='bbox 1302 604 1454 690; x_wconf 84' lang='lat' dir='ltr'><strong>(Phaedr.</strong></span> 
     </span>
     <span class='ocr_line' id='line_1_3' title="bbox 331 709 1456 800; baseline -0.002 -22"><span class='ocrx_word' id='word_1_11' title='bbox 331 735 360 800; x_wconf 90' lang='lat' dir='ltr'><strong>p.</strong></span> <span class='ocrx_word' id='word_1_12' title='bbox 386 713 451 780; x_wconf 78' lang='lat'><strong>277</strong></span> <span class='ocrx_word' id='word_1_13' title='bbox 482 711 533 796; x_wconf 84' lang='lat' dir='ltr'><strong>B),</strong></span> <span class='ocrx_word' id='word_1_14' title='bbox 570 715 609 777; x_wconf 92' lang='lat' dir='ltr'><strong>ut</strong></span> <span class='ocrx_word' id='word_1_15' title='bbox 641 709 867 791; x_wconf 77' lang='lat' dir='ltr'><strong>Quintilianus</strong></span> <span class='ocrx_word' id='word_1_16' title='bbox 899 733 976 776; x_wconf 90' lang='lat' dir='ltr'><strong>eum</strong></span> <span class='ocrx_word' id='word_1_17' title='bbox 1007 711 1059 776; x_wconf 91' lang='lat' dir='ltr'><strong>his</strong></span> <span class='ocrx_word' id='word_1_18' title='bbox 1091 711 1201 776; x_wconf 91' lang='lat' dir='ltr'><strong>verbis</strong></span> <span class='ocrx_word' id='word_1_19' title='bbox 1233 711 1456 797; x_wconf 90' lang='lat' dir='ltr'><strong>reprehendat</strong></span> 
     </span>
     <span class='ocr_line' id='line_1_4' title="bbox 332 818 1455 907; baseline -0.002 -23"><span class='ocrx_word' id='word_1_20' title='bbox 332 819 385 905; x_wconf 81' lang='lat' dir='ltr'><strong>(III</strong></span> <span class='ocrx_word' id='word_1_21' title='bbox 421 819 567 907; x_wconf 83' lang='grc'>11,21);</span> <span class='ocrx_word' id='word_1_22' title='bbox 603 839 690 884; x_wconf 78' lang='lat' dir='ltr'><strong>»non</strong></span> <span class='ocrx_word' id='word_1_23' title='bbox 721 821 774 883; x_wconf 91' lang='lat' dir='ltr'><strong>est</strong></span> <span class='ocrx_word' id='word_1_24' title='bbox 807 839 943 884; x_wconf 89' lang='lat' dir='ltr'><strong>necesse</strong></span> <span class='ocrx_word' id='word_1_25' title='bbox 975 837 1033 903; x_wconf 93' lang='lat' dir='ltr'><strong>per</strong></span> <span class='ocrx_word' id='word_1_26' title='bbox 1064 823 1135 882; x_wconf 87' lang='lat' dir='ltr'><strong>tarn</strong></span> <span class='ocrx_word' id='word_1_27' title='bbox 1166 818 1315 884; x_wconf 89' lang='lat' dir='ltr'><strong>minutas</strong></span> <span class='ocrx_word' id='word_1_28' title='bbox 1346 838 1455 883; x_wconf 87' lang='lat' dir='ltr'><strong>rerum</strong></span> 
     </span>
     <span class='ocr_line' id='line_1_5' title="bbox 332 922 1455 1012; baseline -0.003 -20"><span class='ocrx_word' id='word_1_29' title='bbox 332 926 514 1012; x_wconf 87' lang='lat' dir='ltr'><strong>particulas</strong></span> <span class='ocrx_word' id='word_1_30' title='bbox 546 926 711 992; x_wconf 89' lang='lat' dir='ltr'><strong>rationem</strong></span> <span class='ocrx_word' id='word_1_31' title='bbox 744 923 884 990; x_wconf 90' lang='lat' dir='ltr'><strong>docendi</strong></span> <span class='ocrx_word' id='word_1_32' title='bbox 914 922 1094 990; x_wconf 79' lang='lat' dir='ltr'><strong>concidere.</strong></span> <span class='ocrx_word' id='word_1_33' title='bbox 1142 924 1213 1004; x_wconf 79' lang='lat' dir='ltr'><strong>Quo</strong></span> <span class='ocrx_word' id='word_1_34' title='bbox 1246 925 1326 990; x_wconf 88' lang='lat' dir='ltr'><strong>vitio</strong></span> <span class='ocrx_word' id='word_1_35' title='bbox 1358 925 1455 990; x_wconf 87' lang='lat' dir='ltr'><strong>multi</strong></span> 
     </span>
     <span class='ocr_line' id='line_1_6' title="bbox 333 1031 1454 1118; baseline -0.001 -21"><span class='ocrx_word' id='word_1_36' title='bbox 333 1031 464 1118; x_wconf 91' lang='lat' dir='ltr'><strong>quidem</strong></span> <span class='ocrx_word' id='word_1_37' title='bbox 482 1032 687 1115; x_wconf 79' lang='lat' dir='ltr'><strong>laborarunt,</strong></span> <span class='ocrx_word' id='word_1_38' title='bbox 705 1032 881 1118; x_wconf 89' lang='lat' dir='ltr'><strong>praecipue</strong></span> <span class='ocrx_word' id='word_1_39' title='bbox 897 1035 1012 1097; x_wconf 87' lang='lat' dir='ltr'><strong>tamen</strong></span> <span class='ocrx_word' id='word_1_40' title='bbox 1029 1031 1279 1114; x_wconf 72' lang='lat' dir='ltr'><strong>Hermagoras«</strong></span> <span class='ocrx_word' id='word_1_41' title='bbox 1299 1069 1342 1078; x_wconf 74' lang='lat'><em>-</em></span> <span class='ocrx_word' id='word_1_42' title='bbox 1355 1031 1454 1096; x_wconf 89' lang='lat' dir='ltr'><strong>Porro</strong></span> 
     </span>
     <span class='ocr_line' id='line_1_7' title="bbox 333 1137 1455 1224; baseline -0.001 -21"><span class='ocrx_word' id='word_1_43' title='bbox 333 1142 421 1224; x_wconf 91' lang='lat' dir='ltr'><strong>quod</strong></span> <span class='ocrx_word' id='word_1_44' title='bbox 451 1139 548 1204; x_wconf 92' lang='lat' dir='ltr'><strong>Plato</strong></span> <span class='ocrx_word' id='word_1_45' title='bbox 579 1138 740 1224; x_wconf 89' lang='lat' dir='ltr'><strong>postulat,</strong></span> <span class='ocrx_word' id='word_1_46' title='bbox 773 1142 812 1202; x_wconf 92' lang='lat' dir='ltr'><strong>ut</strong></span> <span class='ocrx_word' id='word_1_47' title='bbox 843 1137 965 1220; x_wconf 88' lang='lat' dir='ltr'><strong>rhetor,</strong></span> <span class='ocrx_word' id='word_1_48' title='bbox 999 1139 1027 1203; x_wconf 86' lang='lat' dir='ltr'><strong>si</strong></span> <span class='ocrx_word' id='word_1_49' title='bbox 1057 1139 1154 1203; x_wconf 88' lang='lat' dir='ltr'><strong>modo</strong></span> <span class='ocrx_word' id='word_1_50' title='bbox 1186 1141 1294 1204; x_wconf 90' lang='lat' dir='ltr'><strong>artem</strong></span> <span class='ocrx_word' id='word_1_51' title='bbox 1324 1139 1455 1204; x_wconf 76' lang='lat' dir='ltr'>tradere</span> 
     </span>
     <span class='ocr_line' id='line_1_8' title="bbox 333 1245 1454 1332; baseline 0.001 -24"><span class='ocrx_word' id='word_1_52' title='bbox 333 1246 416 1330; x_wconf 90' lang='lat' dir='ltr'><strong>vult,</strong></span> <span class='ocrx_word' id='word_1_53' title='bbox 442 1245 691 1332; x_wconf 84' lang='lat' dir='ltr'><strong>psychologiern</strong></span> <span class='ocrx_word' id='word_1_54' title='bbox 715 1245 880 1330; x_wconf 90' lang='lat' dir='ltr'><strong>respiciat,</strong></span> <span class='ocrx_word' id='word_1_55' title='bbox 906 1245 1065 1331; x_wconf 89' lang='lat' dir='ltr'><strong>quoniam</strong></span> <span class='ocrx_word' id='word_1_56' title='bbox 1088 1245 1252 1311; x_wconf 88' lang='lat' dir='ltr'><strong>rhetorica</strong></span> <span class='ocrx_word' id='word_1_57' title='bbox 1275 1250 1327 1311; x_wconf 88' lang='lat' dir='ltr'><strong>est</strong></span> <span class='ocrx_word' id='word_1_58' title='bbox 1349 1271 1454 1329; x_wconf 83' lang='grc' dir='ltr'><strong><em>ψυχα-</em></strong></span> 
     </span>
     <span class='ocr_line' id='line_1_9' title="bbox 333 1351 1457 1439; baseline 0.001 -22"><span class='ocrx_word' id='word_1_59' title='bbox 333 1355 471 1437; x_wconf 51' lang='lat' dir='ltr'><strong>papiae)</strong></span> <span class='ocrx_word' id='word_1_60' title='bbox 510 1354 573 1418; x_wconf 92' lang='lat' dir='ltr'><strong>hoc</strong></span> <span class='ocrx_word' id='word_1_61' title='bbox 611 1351 843 1435; x_wconf 71' lang='lat' dir='ltr'><strong>Hermagoran,</strong></span> <span class='ocrx_word' id='word_1_62' title='bbox 889 1373 1094 1438; x_wconf 87' lang='lat' dir='ltr'><strong>quamquam</strong></span> <span class='ocrx_word' id='word_1_63' title='bbox 1132 1352 1204 1417; x_wconf 88' lang='lat' dir='ltr'><strong>eius</strong></span> <span class='ocrx_word' id='word_1_64' title='bbox 1242 1351 1457 1439; x_wconf 84' lang='lat' dir='ltr'><strong>psychologia</strong></span> 
     </span>
     <span class='ocr_line' id='line_1_10' title="bbox 333 1459 1457 1544; baseline -0.003 -19"><span class='ocrx_word' id='word_1_65' title='bbox 333 1460 481 1525; x_wconf 85' lang='lat' dir='ltr'><strong>oratoria</strong></span> <span class='ocrx_word' id='word_1_66' title='bbox 511 1480 586 1525; x_wconf 90' lang='lat' dir='ltr'><strong>oum</strong></span> <span class='ocrx_word' id='word_1_67' title='bbox 611 1459 800 1524; x_wconf 86' lang='lat' dir='ltr'><strong>Aristotelis</strong></span> <span class='ocrx_word' id='word_1_68' title='bbox 829 1459 1014 1544; x_wconf 88' lang='lat' dir='ltr'><strong>comparari</strong></span> <span class='ocrx_word' id='word_1_69' title='bbox 1036 1459 1161 1544; x_wconf 89' lang='lat' dir='ltr'><strong>nequit,</strong></span> <span class='ocrx_word' id='word_1_70' title='bbox 1185 1462 1300 1524; x_wconf 89' lang='lat' dir='ltr'><strong>tamen</strong></span> <span class='ocrx_word' id='word_1_71' title='bbox 1324 1479 1399 1525; x_wconf 89' lang='lat' dir='ltr'><strong>cum</strong></span> <span class='ocrx_word' id='word_1_72' title='bbox 1422 1462 1457 1522; x_wconf 91' lang='lat' dir='ltr'><strong>in</strong></span> 
     </span>
     <span class='ocr_line' id='line_1_11' title="bbox 333 1565 1457 1652; baseline -0.001 -20"><span class='ocrx_word' id='word_1_73' title='bbox 333 1566 407 1632; x_wconf 86' lang='lat' dir='ltr'><strong>aliis</strong></span> <span class='ocrx_word' id='word_1_74' title='bbox 429 1567 625 1652; x_wconf 63' lang='lat' dir='ltr'><strong>praeceptis</strong></span> <span class='ocrx_word' id='word_1_75' title='bbox 657 1571 731 1631; x_wconf 90' lang='lat' dir='ltr'><strong>tum</strong></span> <span class='ocrx_word' id='word_1_76' title='bbox 753 1566 788 1630; x_wconf 92' lang='lat' dir='ltr'><strong>in</strong></span> <span class='ocrx_word' id='word_1_77' title='bbox 812 1565 1003 1648; x_wconf 68' lang='lat' dir='ltr'><strong>schematis</strong></span> <span class='ocrx_word' id='word_1_78' title='bbox 1026 1586 1113 1651; x_wconf 83' lang='lat' dir='ltr'><strong>quae</strong></span> <span class='ocrx_word' id='word_1_79' title='bbox 1136 1569 1309 1648; x_wconf 87' lang='lat' dir='ltr'><strong>vocantur,</strong></span> <span class='ocrx_word' id='word_1_80' title='bbox 1341 1567 1457 1649; x_wconf 86' lang='lat' dir='ltr'><strong>digno-</strong></span> 
     </span>
     <span class='ocr_line' id='line_1_12' title="bbox 334 1671 1457 1760; baseline -0.001 -21"><span class='ocrx_word' id='word_1_81' title='bbox 334 1672 464 1739; x_wconf 88' lang='lat' dir='ltr'><strong>scendis</strong></span> <span class='ocrx_word' id='word_1_82' title='bbox 489 1674 690 1739; x_wconf 78' lang='lat' dir='ltr'><strong>observavit.</strong></span> <span class='ocrx_word' id='word_1_83' title='bbox 723 1671 816 1738; x_wconf 91' lang='lat' dir='ltr'><strong>Haec</strong></span> <span class='ocrx_word' id='word_1_84' title='bbox 840 1673 929 1737; x_wconf 85' lang='lat' dir='ltr'><strong>eninr</strong></span> <span class='ocrx_word' id='word_1_85' title='bbox 953 1674 987 1737; x_wconf 93' lang='lat' dir='ltr'><strong>in</strong></span> <span class='ocrx_word' id='word_1_86' title='bbox 1011 1693 1049 1738; x_wconf 94' lang='lat' dir='ltr'><strong>eo</strong></span> <span class='ocrx_word' id='word_1_87' title='bbox 1066 1676 1253 1755; x_wconf 88' lang='lat' dir='ltr'><strong>vertuntur,</strong></span> <span class='ocrx_word' id='word_1_88' title='bbox 1279 1673 1367 1760; x_wconf 93' lang='lat' dir='ltr'><strong>quod</strong></span> <span class='ocrx_word' id='word_1_89' title='bbox 1391 1673 1457 1738; x_wconf 87' lang='lat' dir='ltr'><strong>alia</strong></span> 
     </span>
     <span class='ocr_line' id='line_1_13' title="bbox 332 1779 1458 1866; baseline 0 -22"><span class='ocrx_word' id='word_1_90' title='bbox 332 1802 386 1846; x_wconf 86' lang='lat' dir='ltr'><strong>res</strong></span> <span class='ocrx_word' id='word_1_91' title='bbox 417 1782 586 1866; x_wconf 87' lang='lat' dir='ltr'><strong>proposita</strong></span> <span class='ocrx_word' id='word_1_92' title='bbox 617 1780 714 1846; x_wconf 89' lang='lat' dir='ltr'><strong>aliter</strong></span> <span class='ocrx_word' id='word_1_93' title='bbox 744 1779 922 1845; x_wconf 90' lang='lat' dir='ltr'><strong>tractanda</strong></span> <span class='ocrx_word' id='word_1_94' title='bbox 953 1783 1021 1862; x_wconf 92' lang='lat' dir='ltr'><strong>est,</strong></span> <span class='ocrx_word' id='word_1_95' title='bbox 1055 1783 1154 1865; x_wconf 93' lang='lat' dir='ltr'><strong>prout</strong></span> <span class='ocrx_word' id='word_1_96' title='bbox 1189 1784 1250 1846; x_wconf 90' lang='lat' dir='ltr'><strong>aut</strong></span> <span class='ocrx_word' id='word_1_97' title='bbox 1281 1781 1365 1846; x_wconf 91' lang='lat' dir='ltr'><strong>bene</strong></span> <span class='ocrx_word' id='word_1_98' title='bbox 1396 1784 1458 1846; x_wconf 89' lang='lat' dir='ltr'><strong>aut</strong></span> 
     </span>
     <span class='ocr_line' id='line_1_14' title="bbox 334 1886 1457 1969; baseline 0 -17"><span class='ocrx_word' id='word_1_99' title='bbox 334 1887 424 1953; x_wconf 88' lang='lat' dir='ltr'><strong>male</strong></span> <span class='ocrx_word' id='word_1_100' title='bbox 447 1890 507 1952; x_wconf 90' lang='lat' dir='ltr'><strong>aut</strong></span> <span class='ocrx_word' id='word_1_101' title='bbox 523 1887 679 1969; x_wconf 84' lang='lat' dir='ltr'><strong>ambigue</strong></span> <span class='ocrx_word' id='word_1_102' title='bbox 697 1889 758 1952; x_wconf 88' lang='lat' dir='ltr'><strong>aut</strong></span> <span class='ocrx_word' id='word_1_103' title='bbox 771 1907 834 1951; x_wconf 90' lang='lat' dir='ltr'><strong>nec</strong></span> <span class='ocrx_word' id='word_1_104' title='bbox 849 1887 934 1952; x_wconf 91' lang='lat' dir='ltr'><strong>bene</strong></span> <span class='ocrx_word' id='word_1_105' title='bbox 951 1908 1013 1952; x_wconf 91' lang='lat' dir='ltr'><strong>nec</strong></span> <span class='ocrx_word' id='word_1_106' title='bbox 1028 1886 1115 1952; x_wconf 87' lang='lat' dir='ltr'><strong>male</strong></span> <span class='ocrx_word' id='word_1_107' title='bbox 1132 1888 1272 1952; x_wconf 87' lang='lat' dir='ltr'><strong>animati</strong></span> <span class='ocrx_word' id='word_1_108' title='bbox 1289 1886 1457 1952; x_wconf 77' lang='lat' dir='ltr'><strong>auditores</strong></span> 
     </span>
     <span class='ocr_line' id='line_1_15' title="bbox 334 1993 1456 2081; baseline -0.002 -21"><span class='ocrx_word' id='word_1_109' title='bbox 334 2016 409 2060; x_wconf 89' lang='lat' dir='ltr'><strong>earn</strong></span> <span class='ocrx_word' id='word_1_110' title='bbox 434 1995 637 2080; x_wconf 73' lang='lat' dir='ltr'><strong>accipiunt,²)</strong></span> <span class='ocrx_word' id='word_1_111' title='bbox 656 1997 690 2058; x_wconf 91' lang='lat' dir='ltr'><strong>et</strong></span> <span class='ocrx_word' id='word_1_112' title='bbox 707 1994 823 2058; x_wconf 91' lang='lat' dir='ltr'><strong>eodem</strong></span> <span class='ocrx_word' id='word_1_113' title='bbox 840 1997 994 2079; x_wconf 89' lang='lat' dir='ltr'><strong>spectant</strong></span> <span class='ocrx_word' id='word_1_114' title='bbox 1011 1994 1095 2059; x_wconf 89' lang='lat' dir='ltr'><strong>haec</strong></span> <span class='ocrx_word' id='word_1_115' title='bbox 1110 2003 1290 2081; x_wconf 89' lang='lat' dir='ltr'><strong>praecepta</strong></span> <span class='ocrx_word' id='word_1_116' title='bbox 1306 1993 1456 2060; x_wconf 88' lang='lat' dir='ltr'><strong>Platonis</strong></span> 
     </span>
     <span class='ocr_line' id='line_1_16' title="bbox 332 2100 1457 2186; baseline -0.001 -20"><span class='ocrx_word' id='word_1_117' title='bbox 332 2100 486 2186; x_wconf 73' lang='lat' dir='ltr'><strong>(phaedr.</strong></span> <span class='ocrx_word' id='word_1_118' title='bbox 517 2123 547 2186; x_wconf 91' lang='lat' dir='ltr'><strong>p.</strong></span> <span class='ocrx_word' id='word_1_119' title='bbox 571 2101 633 2168; x_wconf 79' lang='grc'><strong>271</strong></span> <span class='ocrx_word' id='word_1_120' title='bbox 661 2103 719 2182; x_wconf 84' lang='grc' dir='ltr'><strong>Α);</strong></span> <span class='ocrx_word' id='word_1_121' title='bbox 745 2103 849 2184; x_wconf 79' lang='grc' dir='ltr'><em>Δῆλον</em></span> <span class='ocrx_word' id='word_1_122' title='bbox 879 2104 942 2186; x_wconf 81' lang='grc' dir='ltr'><strong>ἄρα</strong></span> <span class='ocrx_word' id='word_1_123' title='bbox 974 2105 1019 2166; x_wconf 89' lang='grc' dir='ltr'><strong>ὅτι</strong></span> <span class='ocrx_word' id='word_1_124' title='bbox 1051 2105 1069 2166; x_wconf 86' lang='grc' dir='ltr'><em>δ</em></span> <span class='ocrx_word' id='word_1_125' title='bbox 1105 2103 1320 2186; x_wconf 84' lang='grc' dir='ltr'><em>Θρασύμαχός</em></span> <span class='ocrx_word' id='word_1_126' title='bbox 1350 2105 1457 2167; x_wconf 86' lang='grc' dir='ltr'><em>τεκαὶ</em></span> 
     </span>
     <span class='ocr_line' id='line_1_17' title="bbox 285 2210 1456 2293; baseline 0.003 -21"><span class='ocrx_word' id='word_1_127' title='bbox 285 2263 291 2276; x_wconf 91' lang='grc'><strong>.</strong></span> <span class='ocrx_word' id='word_1_128' title='bbox 334 2212 370 2279; x_wconf 87' lang='grc' dir='ltr'><strong>ὃς</strong></span> <span class='ocrx_word' id='word_1_129' title='bbox 400 2213 439 2272; x_wconf 82' lang='grc' dir='ltr'><strong>ἂν</strong></span> <span class='ocrx_word' id='word_1_130' title='bbox 470 2211 563 2279; x_wconf 79' lang='grc' dir='ltr'><em>ἄλλος</em></span> <span class='ocrx_word' id='word_1_131' title='bbox 594 2210 719 2292; x_wconf 84' lang='grc' dir='ltr'><em>σπουδῇ</em></span> <span class='ocrx_word' id='word_1_132' title='bbox 751 2212 862 2292; x_wconf 88' lang='grc' dir='ltr'><em>τέχνην</em></span> <span class='ocrx_word' id='word_1_133' title='bbox 894 2212 1065 2292; x_wconf 85' lang='grc' dir='ltr'><em>ῥητορικὴν</em></span> <span class='ocrx_word' id='word_1_134' title='bbox 1097 2212 1185 2292; x_wconf 78' lang='grc' dir='ltr'><em>διδῷ,</em></span> <span class='ocrx_word' id='word_1_135' title='bbox 1217 2217 1345 2292; x_wconf 84' lang='grc' dir='ltr'><em>πρῶτον</em></span> <span class='ocrx_word' id='word_1_136' title='bbox 1371 2212 1456 2293; x_wconf 86' lang='grc' dir='ltr'><em>πάσῃ</em></span> 
     </span>
     <span class='ocr_line' id='line_1_18' title="bbox 334 2318 1458 2400; baseline 0.001 -22"><span class='ocrx_word' id='word_1_137' title='bbox 334 2318 477 2399; x_wconf 82' lang='grc' dir='ltr'><em>ἀκριβείᾳ</em></span> <span class='ocrx_word' id='word_1_138' title='bbox 509 2318 624 2398; x_wconf 77' lang='grc' dir='ltr'><em>γράψει</em></span> <span class='ocrx_word' id='word_1_139' title='bbox 654 2341 686 2380; x_wconf 90' lang='grc' dir='ltr'><em>τε</em></span> <span class='ocrx_word' id='word_1_140' title='bbox 715 2319 768 2379; x_wconf 84' lang='grc' dir='ltr'><strong>καὶ</strong></span> <span class='ocrx_word' id='word_1_141' title='bbox 799 2320 922 2399; x_wconf 84' lang='grc' dir='ltr'><em>ποιήσει</em></span> <span class='ocrx_word' id='word_1_142' title='bbox 948 2319 1057 2400; x_wconf 76' lang='grc' dir='ltr'><em>ψυχὴν</em></span> <span class='ocrx_word' id='word_1_143' title='bbox 1085 2319 1168 2390; x_wconf 80' lang='grc' dir='ltr'><em>ἰδεῖν,</em></span> <span class='ocrx_word' id='word_1_144' title='bbox 1191 2319 1325 2399; x_wconf 88' lang='grc' dir='ltr'><em>πότερον</em></span> <span class='ocrx_word' id='word_1_145' title='bbox 1348 2321 1382 2380; x_wconf 80' lang='grc' dir='ltr'><strong>ἓν</strong></span> <span class='ocrx_word' id='word_1_146' title='bbox 1405 2319 1458 2380; x_wconf 86' lang='grc' dir='ltr'><strong>καί</strong></span> 
     </span>
    </p>
   </div>
   <div class='ocr_carea' id='block_1_3' title="bbox 334 2423 1495 2508">
    <p class='ocr_par' dir='ltr' id='par_1_3' title="bbox 334 2423 1495 2508">
     <span class='ocr_line' id='line_1_19' title="bbox 334 2423 1495 2508; baseline 0.002 -23"><span class='ocrx_word' id='word_1_147' title='bbox 334 2423 447 2504; x_wconf 85' lang='grc' dir='ltr'><em>ὅμοιον</em></span> <span class='ocrx_word' id='word_1_148' title='bbox 480 2425 623 2505; x_wconf 82' lang='grc' dir='ltr'><em>πέφυκεν</em></span> <span class='ocrx_word' id='word_1_149' title='bbox 657 2427 676 2506; x_wconf 83' lang='grc' dir='ltr'><em>ἢ</em></span> <span class='ocrx_word' id='word_1_150' title='bbox 712 2424 791 2486; x_wconf 87' lang='grc' dir='ltr'><em>κατὰ</em></span> <span class='ocrx_word' id='word_1_151' title='bbox 827 2426 976 2506; x_wconf 85' lang='grc' dir='ltr'><em>σώματος</em></span> <span class='ocrx_word' id='word_1_152' title='bbox 1009 2425 1142 2508; x_wconf 75' lang='grc' dir='ltr'><em>μορφὴν</em></span> <span class='ocrx_word' id='word_1_153' title='bbox 1174 2425 1337 2494; x_wconf 78' lang='grc' dir='ltr'><em>πολυειδές</em></span> <span class='ocrx_word' id='word_1_154' title='bbox 1373 2475 1379 2486; x_wconf 92' lang='grc'>.</span> <span class='ocrx_word' id='word_1_155' title='bbox 1411 2475 1417 2486; x_wconf 94' lang='grc'><strong>.</strong></span> <span class='ocrx_word' id='word_1_156' title='bbox 1451 2474 1457 2486; x_wconf 87' lang='grc'><strong>.</strong></span> <span class='ocrx_word' id='word_1_157' title='bbox 1493 2443 1495 2446; x_wconf 84' lang='grc'><strong><em>·</em></strong></span> 
     </span>
    </p>
   </div>
   <div class='ocr_carea' id='block_1_4' title="bbox 333 2529 1461 3684">
    <p class='ocr_par' dir='ltr' id='par_1_4' title="bbox 333 2529 1460 3041">
     <span class='ocr_line' id='line_1_20' title="bbox 334 2529 1457 2614; baseline 0.001 -22"><span class='ocrx_word' id='word_1_158' title='bbox 334 2529 489 2612; x_wconf 82' lang='grc' dir='ltr'><em>Δεύτερον</em></span> <span class='ocrx_word' id='word_1_159' title='bbox 513 2531 548 2593; x_wconf 84' lang='grc' dir='ltr'><strong>δέ</strong></span> <span class='ocrx_word' id='word_1_160' title='bbox 564 2555 607 2612; x_wconf 88' lang='grc' dir='ltr'><em>γε.</em></span> <span class='ocrx_word' id='word_1_161' title='bbox 628 2531 692 2612; x_wconf 86' lang='grc' dir='ltr'><strong>ὅτῳ</strong></span> <span class='ocrx_word' id='word_1_162' title='bbox 715 2532 744 2592; x_wconf 93' lang='grc' dir='ltr'><strong>τί</strong></span> <span class='ocrx_word' id='word_1_163' title='bbox 764 2538 863 2593; x_wconf 84' lang='grc' dir='ltr'><em>ποιεῖν</em></span> <span class='ocrx_word' id='word_1_164' title='bbox 887 2535 905 2613; x_wconf 83' lang='grc' dir='ltr'><em>ἢ</em></span> <span class='ocrx_word' id='word_1_165' title='bbox 930 2532 1045 2594; x_wconf 80' lang='grc' dir='ltr'><em>ποιδεῖν</em></span> <span class='ocrx_word' id='word_1_166' title='bbox 1069 2532 1131 2594; x_wconf 77' lang='grc' dir='ltr'><strong>ὑπὸ</strong></span> <span class='ocrx_word' id='word_1_167' title='bbox 1154 2539 1209 2595; x_wconf 86' lang='grc' dir='ltr'><strong>τοῦ</strong></span> <span class='ocrx_word' id='word_1_168' title='bbox 1233 2533 1408 2614; x_wconf 79' lang='grc' dir='ltr'><em>πέφυκεν..</em></span> <span class='ocrx_word' id='word_1_169' title='bbox 1427 2582 1433 2593; x_wconf 92' lang='grc'><strong>.</strong></span> <span class='ocrx_word' id='word_1_170' title='bbox 1452 2582 1457 2593; x_wconf 92' lang='grc'><strong>.</strong></span> 
     </span>
     <span class='ocr_line' id='line_1_21' title="bbox 337 2635 1459 2722; baseline 0.002 -24"><span class='ocrx_word' id='word_1_171' title='bbox 337 2635 445 2718; x_wconf 82' lang='grc' dir='ltr'><em>Τρίτον</em></span> <span class='ocrx_word' id='word_1_172' title='bbox 477 2638 511 2700; x_wconf 84' lang='grc' dir='ltr'><strong>δὲ</strong></span> <span class='ocrx_word' id='word_1_173' title='bbox 535 2638 573 2718; x_wconf 82' lang='grc' dir='ltr'><strong>δὴ</strong></span> <span class='ocrx_word' id='word_1_174' title='bbox 600 2639 826 2719; x_wconf 82' lang='grc' dir='ltr'><em>διαταξάμενος</em></span> <span class='ocrx_word' id='word_1_175' title='bbox 848 2637 885 2699; x_wconf 86' lang='grc' dir='ltr'><strong>τὰ</strong></span> <span class='ocrx_word' id='word_1_176' title='bbox 909 2638 1014 2719; x_wconf 78' lang='grc' dir='ltr'><em>λόγων</em></span> <span class='ocrx_word' id='word_1_177' title='bbox 1044 2663 1076 2701; x_wconf 87' lang='grc' dir='ltr'><em>τε</em></span> <span class='ocrx_word' id='word_1_178' title='bbox 1103 2641 1155 2702; x_wconf 86' lang='grc' dir='ltr'><strong>καὶ</strong></span> <span class='ocrx_word' id='word_1_179' title='bbox 1178 2646 1285 2722; x_wconf 83' lang='grc' dir='ltr'><em>ψυχῆς</em></span> <span class='ocrx_word' id='word_1_180' title='bbox 1309 2641 1381 2721; x_wconf 82' lang='grc' dir='ltr'><em>γένη</em></span> <span class='ocrx_word' id='word_1_181' title='bbox 1405 2640 1459 2701; x_wconf 87' lang='grc' dir='ltr'><strong>καὶ</strong></span> 
     </span>
     <span class='ocr_line' id='line_1_22' title="bbox 333 2745 1459 2828; baseline 0.003 -23"><span class='ocrx_word' id='word_1_182' title='bbox 333 2745 370 2805; x_wconf 88' lang='grc' dir='ltr'><strong>τδ</strong></span> <span class='ocrx_word' id='word_1_183' title='bbox 393 2746 515 2807; x_wconf 84' lang='grc' dir='ltr'><em>τούτων</em></span> <span class='ocrx_word' id='word_1_184' title='bbox 537 2746 712 2826; x_wconf 79' lang='grc' dir='ltr'><em>ποδήμοιτσ</em></span> <span class='ocrx_word' id='word_1_185' title='bbox 738 2745 823 2808; x_wconf 79' lang='grc' dir='ltr'><em>δίεισι</em></span> <span class='ocrx_word' id='word_1_186' title='bbox 846 2745 901 2814; x_wconf 87' lang='grc' dir='ltr'><strong>τὰς</strong></span> <span class='ocrx_word' id='word_1_187' title='bbox 924 2747 1029 2820; x_wconf 85' lang='grc' dir='ltr'><em>σίτίος,</em></span> <span class='ocrx_word' id='word_1_188' title='bbox 1053 2748 1305 2828; x_wconf 80' lang='grc' dir='ltr'><em>προσαρμόττων</em></span> <span class='ocrx_word' id='word_1_189' title='bbox 1328 2748 1459 2809; x_wconf 80' lang='grc' dir='ltr'><em>ἕκαστον</em></span> 
     </span>
     <span class='ocr_line' id='line_1_23' title="bbox 335 2851 1460 2935; baseline 0.002 -23"><span class='ocrx_word' id='word_1_190' title='bbox 335 2852 458 2932; x_wconf 80' lang='grc' dir='ltr'><em>ἑκάστῳ</em></span> <span class='ocrx_word' id='word_1_191' title='bbox 481 2852 534 2912; x_wconf 83' lang='grc' dir='ltr'><strong>καὶ</strong></span> <span class='ocrx_word' id='word_1_192' title='bbox 558 2851 728 2924; x_wconf 79' lang='grc' dir='ltr'><em>διδάσκων,</em></span> <span class='ocrx_word' id='word_1_193' title='bbox 753 2853 802 2914; x_wconf 84' lang='grc' dir='ltr'><strong>οἵα</strong></span> <span class='ocrx_word' id='word_1_194' title='bbox 826 2851 905 2916; x_wconf 81' lang='grc' dir='ltr'><em>οὖσα</em></span> <span class='ocrx_word' id='word_1_195' title='bbox 926 2854 983 2934; x_wconf 76' lang='grc' dir='ltr'><strong>ὑφ’</strong></span> <span class='ocrx_word' id='word_1_196' title='bbox 1010 2855 1087 2916; x_wconf 83' lang='grc' dir='ltr'><em>οἴων</em></span> <span class='ocrx_word' id='word_1_197' title='bbox 1109 2855 1214 2935; x_wconf 80' lang='grc' dir='ltr'><em>λόγων</em></span> <span class='ocrx_word' id='word_1_198' title='bbox 1238 2854 1277 2915; x_wconf 74' lang='grc' dir='ltr'><strong>δι’</strong></span> <span class='ocrx_word' id='word_1_199' title='bbox 1303 2856 1343 2935; x_wconf 86' lang='grc' dir='ltr'><strong>ἣν</strong></span> <span class='ocrx_word' id='word_1_200' title='bbox 1362 2855 1460 2915; x_wconf 82' lang='grc' dir='ltr'><em>αἰτίαν</em></span> 
     </span>
     <span class='ocr_line' id='line_1_24' title="bbox 335 2958 1112 3041; baseline 0.003 -22"><span class='ocrx_word' id='word_1_201' title='bbox 335 2958 370 3028; x_wconf 79' lang='grc' dir='ltr'><strong>ἐξ</strong></span> <span class='ocrx_word' id='word_1_202' title='bbox 393 2958 534 3038; x_wconf 83' lang='grc' dir='ltr'><em>ἀνάγκης</em></span> <span class='ocrx_word' id='word_1_203' title='bbox 557 2959 575 3039; x_wconf 75' lang='grc' dir='ltr'>ἡ</span> <span class='ocrx_word' id='word_1_204' title='bbox 599 2958 659 3039; x_wconf 81' lang='grc' dir='ltr'><strong>μὲν</strong></span> <span class='ocrx_word' id='word_1_205' title='bbox 681 2959 829 3032; x_wconf 79' lang='grc' dir='ltr'><em>πείδετοιι,</em></span> <span class='ocrx_word' id='word_1_206' title='bbox 853 2961 872 3041; x_wconf 81' lang='grc' dir='ltr'>ἡ</span> <span class='ocrx_word' id='word_1_207' title='bbox 898 2960 932 3022; x_wconf 85' lang='grc' dir='ltr'><strong>δὲ</strong></span> <span class='ocrx_word' id='word_1_208' title='bbox 955 2960 1112 3039; x_wconf 50' lang='grc' dir='ltr'><em>ἀπειδεῖδ)</em></span> 
     </span>
    </p>

    <p class='ocr_par' dir='ltr' id='par_1_5' title="bbox 335 3061 1461 3684">
     <span class='ocr_line' id='line_1_25' title="bbox 427 3061 1460 3156; baseline 0.003 -31"><span class='ocrx_word' id='word_1_209' title='bbox 427 3061 524 3126; x_wconf 90' lang='lat' dir='ltr'><strong>Nunc</strong></span> <span class='ocrx_word' id='word_1_210' title='bbox 547 3063 590 3128; x_wconf 89' lang='lat' dir='ltr'><strong>ad</strong></span> <span class='ocrx_word' id='word_1_211' title='bbox 614 3063 828 3129; x_wconf 73' lang='lat' dir='ltr'><strong>Aristotelem</strong></span> <span class='ocrx_word' id='word_1_212' title='bbox 845 3064 1007 3130; x_wconf 78' lang='lat' dir='ltr'><strong>venimus</strong></span> <span class='ocrx_word' id='word_1_213' title='bbox 1043 3065 1073 3130; x_wconf 91' lang='lat' dir='ltr'><strong>Is</strong></span> <span class='ocrx_word' id='word_1_214' title='bbox 1097 3065 1289 3156; x_wconf 28' lang='lat' dir='ltr'><strong>in&#39;notiono</strong></span> <span class='ocrx_word' id='word_1_215' title='bbox 1305 3063 1460 3129; x_wconf 89' lang='lat' dir='ltr'><strong>rhetorici</strong></span> 
     </span>
     <span class='ocr_line' id='line_1_26' title="bbox 336 3168 1458 3255; baseline 0.003 -22"><span class='ocrx_word' id='word_1_216' title='bbox 336 3171 483 3234; x_wconf 89' lang='lat' dir='ltr'><strong>muneris</strong></span> <span class='ocrx_word' id='word_1_217' title='bbox 508 3168 709 3252; x_wconf 85' lang='lat' dir='ltr'><strong>definienda,</strong></span> <span class='ocrx_word' id='word_1_218' title='bbox 734 3172 893 3255; x_wconf 88' lang='lat' dir='ltr'><strong>quoniam</strong></span> <span class='ocrx_word' id='word_1_219' title='bbox 918 3175 1061 3237; x_wconf 90' lang='lat' dir='ltr'><strong>eventus</strong></span> <span class='ocrx_word' id='word_1_220' title='bbox 1086 3173 1245 3238; x_wconf 88' lang='lat' dir='ltr'><strong>orationis</strong></span> <span class='ocrx_word' id='word_1_221' title='bbox 1270 3194 1337 3237; x_wconf 91' lang='lat' dir='ltr'><strong>non</strong></span> <span class='ocrx_word' id='word_1_222' title='bbox 1362 3171 1458 3237; x_wconf 89' lang='lat' dir='ltr'><strong>modo</strong></span> 
     </span>
     <span class='ocr_line' id='line_1_27' title="bbox 336 3275 1459 3363; baseline 0.002 -23"><span class='ocrx_word' id='word_1_223' title='bbox 336 3297 353 3341; x_wconf 93' lang='lat' dir='ltr'><strong>e</strong></span> <span class='ocrx_word' id='word_1_224' title='bbox 377 3275 541 3341; x_wconf 74' lang='lat' dir='ltr'><strong>facultate</strong></span> <span class='ocrx_word' id='word_1_225' title='bbox 565 3276 705 3360; x_wconf 91' lang='lat' dir='ltr'><strong>dicendi,</strong></span> <span class='ocrx_word' id='word_1_226' title='bbox 732 3277 791 3342; x_wconf 87' lang='lat' dir='ltr'><strong>sed</strong></span> <span class='ocrx_word' id='word_1_227' title='bbox 814 3278 1025 3363; x_wconf 89' lang='lat' dir='ltr'><strong>potissimum</strong></span> <span class='ocrx_word' id='word_1_228' title='bbox 1047 3279 1312 3345; x_wconf 85' lang='lat' dir='ltr'><strong>exaudientium</strong></span> <span class='ocrx_word' id='word_1_229' title='bbox 1328 3277 1459 3344; x_wconf 87' lang='lat' dir='ltr'><strong>intelle-</strong></span> 
     </span>
     <span class='ocr_line' id='line_1_28' title="bbox 336 3383 1461 3471; baseline 0.003 -24"><span class='ocrx_word' id='word_1_230' title='bbox 336 3383 459 3464; x_wconf 86' lang='lat' dir='ltr'><strong>gentia,</strong></span> <span class='ocrx_word' id='word_1_231' title='bbox 485 3384 672 3449; x_wconf 87' lang='lat' dir='ltr'><strong>attentione</strong></span> <span class='ocrx_word' id='word_1_232' title='bbox 696 3384 998 3470; x_wconf 88' lang='lat' dir='ltr'><strong>benevolentiaque</strong></span> <span class='ocrx_word' id='word_1_233' title='bbox 1024 3385 1157 3471; x_wconf 86' lang='lat' dir='ltr'><strong>pendet,</strong></span> <span class='ocrx_word' id='word_1_234' title='bbox 1188 3389 1277 3452; x_wconf 90' lang='lat' dir='ltr'><strong>recte</strong></span> <span class='ocrx_word' id='word_1_235' title='bbox 1301 3385 1461 3451; x_wconf 89' lang='lat' dir='ltr'><strong>docuerat</strong></span> 
     </span>
     <span class='ocr_line' id='line_1_29' title="bbox 335 3488 1460 3578; baseline 0.003 -25"><span class='ocrx_word' id='word_1_236' title='bbox 335 3488 519 3555; x_wconf 87' lang='lat' dir='ltr'><strong>rhetoricae</strong></span> <span class='ocrx_word' id='word_1_237' title='bbox 543 3512 609 3556; x_wconf 90' lang='lat' dir='ltr'><strong>non</strong></span> <span class='ocrx_word' id='word_1_238' title='bbox 632 3512 707 3556; x_wconf 87' lang='lat' dir='ltr'><strong>esse</strong></span> <span class='ocrx_word' id='word_1_239' title='bbox 725 3490 884 3556; x_wconf 86' lang='lat' dir='ltr'><strong>adfinem</strong></span> <span class='ocrx_word' id='word_1_240' title='bbox 902 3491 1124 3576; x_wconf 87' lang='lat' dir='ltr'><strong>persuadendi</strong></span> <span class='ocrx_word' id='word_1_241' title='bbox 1140 3493 1256 3578; x_wconf 88' lang='lat' dir='ltr'><strong>utique</strong></span> <span class='ocrx_word' id='word_1_242' title='bbox 1273 3492 1460 3578; x_wconf 90' lang='lat' dir='ltr'><strong>perducere,</strong></span> 
     </span>
     <span class='ocr_line' id='line_1_30' title="bbox 336 3594 1460 3684; baseline 0.002 -23"><span class='ocrx_word' id='word_1_243' title='bbox 336 3594 395 3661; x_wconf 90' lang='lat' dir='ltr'><strong>sed</strong></span> <span class='ocrx_word' id='word_1_244' title='bbox 427 3618 656 3683; x_wconf 86' lang='lat' dir='ltr'><strong>quaecumque</strong></span> <span class='ocrx_word' id='word_1_245' title='bbox 690 3599 758 3662; x_wconf 91' lang='lat' dir='ltr'><strong>vim</strong></span> <span class='ocrx_word' id='word_1_246' title='bbox 789 3597 1009 3683; x_wconf 88' lang='lat' dir='ltr'><strong>persuadendi</strong></span> <span class='ocrx_word' id='word_1_247' title='bbox 1037 3598 1174 3680; x_wconf 88' lang='lat' dir='ltr'><strong>habent,</strong></span> <span class='ocrx_word' id='word_1_248' title='bbox 1199 3600 1333 3665; x_wconf 89' lang='lat' dir='ltr'><strong>novisse</strong></span> <span class='ocrx_word' id='word_1_249' title='bbox 1358 3601 1460 3684; x_wconf 87' lang='lat' dir='ltr'><strong>atque</strong></span> 
     </span>
    </p>
   </div>
   <div class='ocr_carea' id='block_1_5' title="bbox 336 3809 1461 4327">
    <p class='ocr_par' dir='ltr' id='par_1_6' title="bbox 431 3809 1182 3885">
     <span class='ocr_line' id='line_1_31' title="bbox 431 3809 1182 3885; baseline 0.003 -23"><span class='ocrx_word' id='word_1_250' title='bbox 431 3813 448 3880; x_wconf 74' lang='lat'><strong>¹)</strong></span> <span class='ocrx_word' id='word_1_251' title='bbox 469 3810 540 3863; x_wconf 87' lang='lat' dir='ltr'><strong>Plat.</strong></span> <span class='ocrx_word' id='word_1_252' title='bbox 560 3809 680 3863; x_wconf 87' lang='lat' dir='ltr'><strong>Phaedr.</strong></span> <span class='ocrx_word' id='word_1_253' title='bbox 700 3827 725 3880; x_wconf 87' lang='lat' dir='ltr'><strong>p.</strong></span> <span class='ocrx_word' id='word_1_254' title='bbox 740 3810 788 3863; x_wconf 79' lang='lat'><strong>271</strong></span> <span class='ocrx_word' id='word_1_255' title='bbox 803 3811 835 3864; x_wconf 89' lang='grc' dir='ltr'><strong>Ι),</strong></span> <span class='ocrx_word' id='word_1_256' title='bbox 1179 3879 1182 3885; x_wconf 33' lang='grc' dir='ltr'>Ι</span> 
     </span>
    </p>

    <p class='ocr_par' dir='ltr' id='par_1_7' title="bbox 336 3899 1461 4237">
     <span class='ocr_line' id='line_1_32' title="bbox 426 3899 1461 3972; baseline 0.005 -21"><span class='ocrx_word' id='word_1_257' title='bbox 426 3900 444 3967; x_wconf 70' lang='grc' dir='ltr'>Ἳ</span> <span class='ocrx_word' id='word_1_258' title='bbox 465 3900 584 3968; x_wconf 84' lang='lat' dir='ltr'><strong>August.</strong></span> <span class='ocrx_word' id='word_1_259' title='bbox 598 3915 624 3968; x_wconf 90' lang='lat' dir='ltr'><strong>p.</strong></span> <span class='ocrx_word' id='word_1_260' title='bbox 642 3899 700 3963; x_wconf 77' lang='lat'><strong>147,</strong></span> <span class='ocrx_word' id='word_1_261' title='bbox 713 3901 746 3952; x_wconf 82' lang='lat'><strong>18</strong></span> <span class='ocrx_word' id='word_1_262' title='bbox 761 3917 828 3970; x_wconf 71' lang='lat' dir='ltr'><strong>sqq,</strong></span> <span class='ocrx_word' id='word_1_263' title='bbox 850 3901 929 3954; x_wconf 89' lang='lat' dir='ltr'><strong>cuius</strong></span> <span class='ocrx_word' id='word_1_264' title='bbox 949 3901 1099 3969; x_wconf 88' lang='lat' dir='ltr'><strong>explicatio</strong></span> <span class='ocrx_word' id='word_1_265' title='bbox 1119 3902 1248 3956; x_wconf 88' lang='lat' dir='ltr'><strong>omnibus</strong></span> <span class='ocrx_word' id='word_1_266' title='bbox 1268 3903 1369 3956; x_wconf 87' lang='lat' dir='ltr'><strong>ceteris</strong></span> <span class='ocrx_word' id='word_1_267' title='bbox 1381 3917 1461 3972; x_wconf 81' lang='lat' dir='ltr'><strong>prac-</strong></span> 
     </span>
     <span class='ocr_line' id='line_1_33' title="bbox 340 3987 1461 4058; baseline 0.004 -17"><span class='ocrx_word' id='word_1_268' title='bbox 340 3988 458 4042; x_wconf 86' lang='lat' dir='ltr'><strong>ferenda</strong></span> <span class='ocrx_word' id='word_1_269' title='bbox 477 3991 528 4040; x_wconf 89' lang='lat' dir='ltr'><strong>est.</strong></span> <span class='ocrx_word' id='word_1_270' title='bbox 567 3987 609 4042; x_wconf 85' lang='lat' dir='ltr'><strong>Cf.</strong></span> <span class='ocrx_word' id='word_1_271' title='bbox 633 3995 709 4042; x_wconf 84' lang='lat' dir='ltr'><strong>auct.</strong></span> <span class='ocrx_word' id='word_1_272' title='bbox 735 3989 772 4041; x_wconf 88' lang='lat' dir='ltr'><strong>ad</strong></span> <span class='ocrx_word' id='word_1_273' title='bbox 796 3989 859 4042; x_wconf 90' lang='lat' dir='ltr'><strong>Her.</strong></span> <span class='ocrx_word' id='word_1_274' title='bbox 879 3988 971 4053; x_wconf 87' lang='lat'><strong>13‚5;</strong></span> <span class='ocrx_word' id='word_1_275' title='bbox 996 3990 1048 4043; x_wconf 78' lang='lat' dir='ltr'><strong>Cic.</strong></span> <span class='ocrx_word' id='word_1_276' title='bbox 1076 3989 1110 4042; x_wconf 91' lang='lat' dir='ltr'><strong>de</strong></span> <span class='ocrx_word' id='word_1_277' title='bbox 1134 3991 1189 4044; x_wconf 91' lang='lat' dir='ltr'><strong>inv.</strong></span> <span class='ocrx_word' id='word_1_278' title='bbox 1209 3989 1221 4043; x_wconf 93' lang='lat' dir='ltr'>I</span> <span class='ocrx_word' id='word_1_279' title='bbox 1243 3992 1282 4056; x_wconf 83' lang='lat'><strong>15,</strong></span> <span class='ocrx_word' id='word_1_280' title='bbox 1295 3990 1342 4057; x_wconf 82' lang='lat'><strong>20;</strong></span> <span class='ocrx_word' id='word_1_281' title='bbox 1368 3993 1461 4058; x_wconf 86' lang='lat' dir='ltr'><strong>Quint.</strong></span> 
     </span>
     <span class='ocr_line' id='line_1_34' title="bbox 337 4075 1461 4150; baseline 0.004 -20"><span class='ocrx_word' id='word_1_282' title='bbox 337 4077 375 4130; x_wconf 93' lang='lat' dir='ltr'><strong>IV</strong></span> <span class='ocrx_word' id='word_1_283' title='bbox 394 4075 480 4141; x_wconf 82' lang='lat'><strong>1,40;</strong></span> <span class='ocrx_word' id='word_1_284' title='bbox 506 4077 582 4129; x_wconf 83' lang='lat' dir='ltr'><strong>Fort.</strong></span> <span class='ocrx_word' id='word_1_285' title='bbox 602 4092 629 4147; x_wconf 92' lang='lat' dir='ltr'><strong>p.</strong></span> <span class='ocrx_word' id='word_1_286' title='bbox 645 4076 813 4147; x_wconf 82' lang='lat' dir='ltr'><strong>108,30sq.;</strong></span> <span class='ocrx_word' id='word_1_287' title='bbox 838 4077 913 4147; x_wconf 86' lang='lat' dir='ltr'><strong>Sulp.</strong></span> <span class='ocrx_word' id='word_1_288' title='bbox 939 4077 1009 4131; x_wconf 91' lang='lat' dir='ltr'><strong>Vict.</strong></span> <span class='ocrx_word' id='word_1_289' title='bbox 1029 4095 1055 4148; x_wconf 94' lang='lat' dir='ltr'><strong>p.</strong></span> <span class='ocrx_word' id='word_1_290' title='bbox 1068 4078 1129 4142; x_wconf 83' lang='lat'><strong>316,</strong></span> <span class='ocrx_word' id='word_1_291' title='bbox 1139 4079 1175 4132; x_wconf 88' lang='grc'><strong>23</strong></span> <span class='ocrx_word' id='word_1_292' title='bbox 1185 4095 1226 4150; x_wconf 91' lang='lat' dir='ltr'><strong>sq.</strong></span> <span class='ocrx_word' id='word_1_293' title='bbox 1253 4079 1301 4146; x_wconf 91' lang='lat' dir='ltr'><strong>H.;</strong></span> <span class='ocrx_word' id='word_1_294' title='bbox 1327 4080 1425 4134; x_wconf 77' lang='lat' dir='ltr'><strong>vhiere</strong></span> <span class='ocrx_word' id='word_1_295' title='bbox 1444 4081 1461 4134; x_wconf 93' lang='grc' dir='ltr'><strong>Ι.</strong></span> 
     </span>
     <span class='ocr_line' id='line_1_35' title="bbox 336 4165 569 4237; baseline 0.009 -18"><span class='ocrx_word' id='word_1_296' title='bbox 336 4165 381 4220; x_wconf 84' lang='lat' dir='ltr'><strong>all.</strong></span> <span class='ocrx_word' id='word_1_297' title='bbox 403 4182 429 4235; x_wconf 92' lang='lat' dir='ltr'><strong>p.</strong></span> <span class='ocrx_word' id='word_1_298' title='bbox 446 4165 498 4220; x_wconf 84' lang='lat'><strong>113</strong></span> <span class='ocrx_word' id='word_1_299' title='bbox 508 4182 569 4237; x_wconf 89' lang='lat' dir='ltr'><strong>sqq.</strong></span> 
     </span>
    </p>

    <p class='ocr_par' dir='ltr' id='par_1_8' title="bbox 427 4254 1168 4327">
     <span class='ocr_line' id='line_1_36' title="bbox 427 4254 1168 4327; baseline 0.004 -17"><span class='ocrx_word' id='word_1_300' title='bbox 427 4254 446 4324; x_wconf 73' lang='grc'><strong>8)</strong></span> <span class='ocrx_word' id='word_1_301' title='bbox 467 4255 508 4311; x_wconf 82' lang='lat' dir='ltr'><strong>uf.</strong></span> <span class='ocrx_word' id='word_1_302' title='bbox 528 4256 593 4312; x_wconf 88' lang='lat' dir='ltr'><strong>ibid.</strong></span> <span class='ocrx_word' id='word_1_303' title='bbox 613 4274 638 4327; x_wconf 93' lang='lat' dir='ltr'><strong>p.</strong></span> <span class='ocrx_word' id='word_1_304' title='bbox 654 4256 707 4311; x_wconf 77' lang='lat'><strong>270</strong></span> <span class='ocrx_word' id='word_1_305' title='bbox 718 4257 748 4322; x_wconf 89' lang='lat' dir='ltr'><strong>B,</strong></span> <span class='ocrx_word' id='word_1_306' title='bbox 768 4256 819 4311; x_wconf 82' lang='lat'><strong>271</strong></span> <span class='ocrx_word' id='word_1_307' title='bbox 831 4257 863 4322; x_wconf 82' lang='lat' dir='ltr'><strong>D,</strong></span> <span class='ocrx_word' id='word_1_308' title='bbox 883 4257 935 4311; x_wconf 81' lang='lat'><strong>273</strong></span> <span class='ocrx_word' id='word_1_309' title='bbox 947 4257 978 4323; x_wconf 89' lang='lat' dir='ltr'><strong>D,</strong></span> <span class='ocrx_word' id='word_1_310' title='bbox 999 4257 1127 4313; x_wconf 71' lang='lat' dir='ltr'><strong>annet</strong></span> <span class='ocrx_word' id='word_1_311' title='bbox 1140 4259 1168 4314; x_wconf 80' lang='lat' dir='ltr'><strong>O.</strong></span> 
     </span>
    </p>
   </div>
   <div class='ocr_carea' id='block_1_6' title="bbox 0 0 1623 5044">
    <p class='ocr_par' dir='ltr' id='par_1_9' title="bbox 0 0 1623 5044">
     <span class='ocr_line' id='line_1_37' title="bbox 0 0 1623 5044; baseline 0 0"><span class='ocrx_word' id='word_1_312' title='bbox 0 0 1623 5044; x_wconf 95' lang='lat' dir='ltr'><strong> </strong></span> 
     </span>
    </p>
   </div>
  </div>
 </body>
</html>
