3224 5044
634 447 857 513 ..59-

184 622 377 689 statuenda.
424 622 497 704 Qua
530 623 570 690 de
600 645 635 689 re
658 624 736 690 vide
760 624 886 690 Philcd.
902 625 985 692 rhet.
1009 625 1092 710 110,
1110 626 1165 692 1οε
1197 629 1306 710 ὥσπερ

184 732 240 814 τὴν
257 732 452 815 διαλεκτικὴν
465 734 577 815 τέχνην
599 732 761 816 ὑπάρχειν,
786 735 825 798 οὗ
847 734 912 817 μὴν
928 735 1162 817 ἀπεργάζεσάαί
1182 758 1208 796 τι
1223 736 1304 798 καθ’

185 841 309 921 ἑαυτήν,
333 841 362 902 εἰ
381 837 427 921 μή
454 845 519 910 τοῖς
541 840 668 923 ἠθικοῖς
690 841 744 904 καί
766 848 913 923 φυσικοῖς
936 823 1101 924 σσνὸεάείη
1125 842 1239 923 λόγοις,
1270 844 1308 905 ὃν

184 947 303 1028 τρόπον
326 947 467 1010 καὶτῶν
488 946 647 1010 Στωϊκῶν
670 949 745 1012 ἔνιοι
769 948 923 1031 διέλαβον,
952 951 1036 1012 οὕτω
1060 949 1113 1012 καὶ
1135 949 1191 1031 τήν
1214 951 1306 1032 ῥητο-

185 1053 277 1136 ρικήν
307 1055 419 1136 τέχνην
448 1054 508 1136 μὲν
535 1053 620 1128 εἶναι,
655 1054 843 1138 δραστήριον
875 1055 1067 1138 ὃόὐὸομῶς
1095 1062 1160 1119 τῶν
1189 1058 1307 1138 ἔργων,

185 1162 215 1224 εί
233 1159 279 1242 μή
302 1167 366 1230 τοῖς
388 1161 557 1231 πολιτικοῖς
589 1162 771 1244 πράγμασιν
795 1163 1001 1245 συμπλακείη.
1049 1161 1095 1226 Ut
1117 1160 1172 1232 vel
1203 1182 1245 1227 ex
1268 1182 1307 1227 oo

185 1265 258 1331 loco
290 1263 506 1331 similitudine
538 1267 641 1332 conici
674 1270 786 1353 potest
817 1266 947 1334 Stoicos
977 1268 1177 1334 rhetoricam
1208 1270 1308 1333 rebus

187 1371 340 1438 civilibus
380 1371 583 1454 adiunxisse,
622 1375 672 1440 ita
708 1374 772 1440 hoc
810 1375 1025 1440 confirmatur
1063 1374 1200 1461 (Philod.
1224 1375 1308 1442 rhet.

186 1479 306 1565 11283,
321 1479 370 1568 5);
395 1479 502 1545 Πᾶσαι
514 1529 520 1546 .
534 1531 540 1546 .
553 1483 659 1546 αὐτῶν
681 1479 738 1568 (sc.
751 1489 814 1547 τῶν
831 1483 997 1557 Στωικῶν,
1022 1503 1097 1548 oum
1109 1482 1210 1568 paulo
1229 1485 1309 1548 ante

186 1585 344 1670 Diogenis
369 1585 471 1652 Stoici
501 1587 627 1653 mentio
658 1588 735 1674 fiat)
767 1592 800 1652 αί
830 1591 1032 1674 ἐπιχειρήσεις
1063 1592 1110 1661 ὡς
1141 1593 1235 1654 εἰπεῖν
1266 1593 1310 1660 εἰς

185 1697 261 1775 μίαν
283 1695 398 1778 ταύτην
421 1696 581 1769 ἀπόδειξιν
596 1698 837 1770 κατακλείονται,
861 1698 914 1760 τὸν
937 1698 1112 1761 πολειτικὸν
1136 1698 1183 1761 ἀεὶ
1205 1697 1310 1766 πάσας

188 1803 268 1885 ἔχειν
290 1802 345 1872 τὰς
368 1803 488 1884 ἀρετάς,
513 1822 578 1886 quo
601 1803 636 1866 in
660 1823 797 1867 numero
822 1804 913 1868 artes
927 1823 1059 1888 quoque
1082 1801 1309 1888 habueruntl)

187 1908 300 1994 Atque
323 1906 376 1973 his
399 1908 520 1990 verbis,
545 1929 632 1994 quae
656 1930 756 1995 prope
781 1913 975 1995 sequuntur,
1000 1912 1107 1975 artem
1130 1909 1310 1975 oratoriam

188 2012 373 2080 secundum
396 2036 453 2080 eos
470 2015 630 2081 scientiae
647 2015 752 2082 civilis
770 2037 844 2081 esse
861 2015 960 2101 plane
977 2016 1143 2103 profertur
1157 2014 1245 2103 (284,
1260 2015 1309 2098 3);

192 2121 304 2193 Οὕτως
326 2124 467 2187 κάκεῖνοι
490 2125 629 2207 φήσουσι
650 2124 707 2207 τήν
727 2125 897 2208 ῥητορικήν
919 2125 975 2208 τήν
998 2125 1096 2208 αὐτὴν
1120 2176 1150 2191 ..
1174 2123 1251 2188 εῖναι
1272 2131 1310 2206 τῇ
1348 2153 1352 2164 ·

188 2230 356 2313 πολεμικῇ,
380 2249 466 2313 quae
482 2230 653 2296 sententia
674 2230 875 2316 pg.240,13
900 2253 969 2317 sqq.
985 2231 1021 2296 in
1045 2230 1311 2318 disquisitionem

189 2335 285 2401 venit
300 2335 480 2422 multisque
501 2337 574 2402 aliis
590 2337 671 2403 locis
687 2336 871 2404 Philodami
886 2338 1072 2404 rhetoricae
1098 2337 1310 2421 attingitur.³)

189 2441 429 2525 Hermagoram
460 2446 575 2510 autem
598 2444 746 2530 profecto
780 2446 951 2511 notionem
975 2445 1181 2532 quaestionis
1206 2442 1311 2510 civilis

191 2571 212 2615 a
235 2548 354 2616 Stoicis
370 2552 565 2617 mutuatum
588 2573 662 2617 esse
677 2552 798 2618 idcirco
815 2551 1034 2618 statuendum
1057 2556 1118 2636 est,
1144 2553 1224 2637 quia
1240 2551 1311 2616 eius

282 2765 300 2832 ¹)
320 2764 353 2821 V.
373 2763 429 2820 Cic.
449 2765 484 2818 dc
502 2763 551 2819 fin.
570 2765 709 2832 11121‚72
729 2783 792 2820 cum
805 2766 940 2836 Madvigii
959 2767 1038 2821 adn:
1059 2767 1120 2820 »Ad
1139 2781 1187 2820 eas
1206 2807 1212 2820 .
1232 2807 1239 2820 .
1258 2765 1312 2818 vir·

190 2857 274 2919 tutes
308 2855 343 2907 de
371 2853 472 2924 quibus
496 2854 670 2924 disputatum
698 2859 749 2921 est,
775 2855 949 2910 dialecticam
982 2856 1069 2910 etiam
1096 2855 1255 2925 adiungunt
1282 2859 1311 2908 et

190 2942 338 3014 physicam
362 2955 466 3014 easque
489 2945 586 2998 ambas
612 2944 748 2999 virtutum
773 2945 885 2998 nomine
904 2945 1072 3016 appellant«
1111 2946 1154 2999 De
1172 2944 1312 2998 rhetorica

189 3032 296 3086 virtute
314 3032 378 3086 vide
391 3032 484 3098 Quint.
497 3031 521 3087 11
534 3032 578 3088 20.
604 3033 645 3088 01.
660 3033 695 3086 de
708 3050 747 3087 or.
761 3033 798 3087 III
813 3033 853 3099 18,
865 3033 912 3088 65;
932 3033 1055 3103 »λὸίοίσή
1069 3034 1122 3087 soli
1136 3050 1170 3086 ex
1184 3033 1311 3087 omnihus

192 3121 383 3192 eloquentiam
407 3121 542 3176 virtutem
566 3139 601 3177 ac
624 3122 792 3191 sapientiam
812 3139 874 3177 esse
893 3123 1048 3177 dixerunt«
1086 3122 1153 3177 Ibid.
1173 3123 1211 3176 111
1225 3122 1266 3186 14,
1277 3122 1312 3176 55

192 3211 244 3264 etl
260 3211 300 3274 18,
311 3211 356 3265 83.
382 3211 460 3265 Varr.
474 3215 529 3268 sat.
542 3211 664 3282 Menipp.
677 3211 730 3265 245
740 3211 776 3266 B:
791 3212 927 3282 »Sapiens
940 3212 1017 3266 eolus
1030 3227 1087 3275 rex,
1102 3210 1178 3265 solus
1189 3211 1310 3264 rhetor.‹

281 3300 300 3368 ⁹)
319 3298 337 3353 1.
357 3299 402 3353 all.
422 3299 607 3368 202,12,23;
632 3301 692 3366 209,
709 3301 759 3367 33;
784 3301 844 3366 212,
862 3300 909 3367 273
933 3301 993 3366 218,
1011 3303 1042 3368 ῖ;
1066 3300 1126 3364 220,
1145 3299 1191 3365 12;
1211 3299 1311 3366 225,8;

191 3387 312 3454 227,30;
331 3388 393 3454 230,
403 3388 450 3456 20;
470 3389 590 3456 233,28;
610 3390 671 3455 234,
685 3391 716 3456 9;
736 3390 850 3455 23919.
871 3430 877 3444 .
898 3432 904 3446 .
924 3390 997 3444 Plut.
1018 3391 1053 3444 de
1065 3405 1182 3460 repugn.
1196 3389 1314 3444 Stoic2

191 3477 346 3548 p.103313:
370 3473 457 3530 πολλὰ
482 3481 538 3546 μέν,
563 3478 596 3535 ὡς
620 3477 648 3531 ἐν
672 3476 764 3549 λόγοις,
789 3479 858 3544 aava
881 3477 991 3544 Ζήνωνι,
1016 3475 1104 3530 πολλὰ
1122 3475 1151 3531 δὲ
1169 3476 1312 3542 Κλεάνθει,

191 3563 302 3620 πλεῖστα
321 3563 349 3619 δὲ
367 3569 517 3639 Χρυσίππῳ
534 3567 704 3640 γεγραμμένα
718 3553 837 3638 τυγχάνει
849 3573 910 3640 περὶ
922 3567 1056 3625 πολιτείας
1068 3572 1111 3620 καλ
1124 3571 1170 3620 τοῦ
1183 3567 1314 3639 ἄρχεσθαι

191 3660 236 3709 καὶ
255 3655 352 3729 ἄρχειν,
375 3661 421 3708 καὶ
440 3653 555 3720 δικάζειν
572 3661 618 3710 καλ
635 3657 792 3730 ῥητορεύειν.
831 3658 872 3713 Of.
893 3676 920 3729 p.
936 3657 1005 3712 1033
1015 3659 1045 3712 F.
1071 3657 1123 3712 Hio
1142 3658 1314 3711 monendum

192 3750 245 3811 est,
271 3763 335 3801 cum
353 3746 483 3817 Epicurei
508 3766 526 3802 a
544 3747 666 3816 negotiis
691 3748 817 3802 civilibus
836 3748 991 3818 sapientem
1010 3751 1141 3813 avocent,
1161 3748 1315 3800 secundum

193 3836 306 3890 Stoicos
332 3852 396 3890 eum
421 3837 458 3890 ad
480 3853 539 3891 rem
563 3835 703 3906 publicam
728 3838 869 3891 accedere.
908 3837 969 3903 Qua
988 3836 1022 3889 de
1042 3833 1233 3905 discrepantia
1250 3835 1315 3888 vide

193 3924 257 3979 Sen.
277 3924 314 3978 ad
332 3925 426 3980 Seren.
440 3926 475 3980 de
489 3925 548 3980 otio
560 3925 585 3990 3,
596 3925 614 3978 2
626 3925 681 3995 (Us.
694 3926 772 3996 Epio.
784 3942 812 3996 p.
825 3925 868 3990 95,
881 3925 936 3995 19);
952 3925 986 3978 de
1000 3925 1160 3979 Stoicorum
1173 3923 1316 3978 sententia

193 4013 248 4068 Cic.
268 4013 303 4068 da
320 4013 370 4068 fin.
390 4014 428 4068 111
440 4013 536 4080 aoso,
564 4015 645 4086 Diog.
664 4015 758 4070 nvn
772 4014 831 4080 121,
849 4015 914 4069 Seu.
930 4015 966 4068 dc
991 4019 1103 4084 tranqu.
1123 4030 1167 4068 an.
1187 4011 1259 4078 110;
1280 4012 1315 4066 de

192 4101 393 4172 Epicureorum
416 4103 560 4158 sententia
583 4105 665 4174 Diog.
684 4105 716 4158 L.
736 4104 760 4157 X
780 4103 840 4168 119,
866 4105 922 4158 Cic.
947 4103 983 4157 ad
1008 4104 1067 4158 Att.
1087 4101 1152 4156 XIV
1169 4101 1212 4167 20,
1226 4102 1251 4169 5,
1277 4103 1316 4156 ad

185 4189 281 4248 ¹famil.
300 4193 350 4247 VII
364 4192 404 4258 12,
426 4194 461 4248 de
479 4193 533 4263 leg.
552 4193 618 4256 113,
629 4194 665 4248 39
684 4192 739 4261 (Ue.
753 4193 829 4263 Epic.
849 4210 874 4263 p.
888 4193 931 4258 91,
943 4192 994 4260 21),
1014 4194 1088 4247 Plut.
1103 4192 1166 4247 adv.
1180 4191 1270 4246 Colot.
1280 4190 1313 4245 31

194 4296 219 4350 p.
239 4280 337 4346 [1250.
347 4281 383 4336 33
401 4298 428 4352 p.
444 4281 513 4336 1127
522 4299 547 4347 a,
558 4281 594 4336 34
611 4299 638 4352 p.
654 4282 745 4336 1127d
764 4281 821 4350 (Us.
840 4281 918 4352 Epic.
937 4299 962 4351 p.
976 4282 1019 4347 95,
1033 4281 1065 4351 1).
