3198 5054
610 415 831 482 ,97-

161 594 255 675 Quod
286 615 354 660 non
385 594 467 678 fieri,
501 593 529 658 si
561 595 589 659 ei
621 594 761 679 quaevis
793 594 946 680 quaestio
978 594 1182 680 proponitur,
1217 595 1282 660 nisi

160 699 247 786 quod
271 720 339 766 non
362 701 432 766 veri
455 699 809 784 investigandi·causa
824 700 999 783 diligenter
1015 700 1196 782 disseritur,
1221 699 1281 768 sed

160 805 380 894 persuadendi
396 807 504 890 gratia
520 806 724 894 populariter
746 811 921 890 tractatur,
946 809 1021 894 quis
1045 808 1189 900 estqui
1212 828 1279 874 non

159 913 358 998 intellegat?
404 913 456 980 Ita
479 916 567 980 enim
590 915 790 986 rhetoricam
819 914 862 981 ab
886 913 960 980 aliis
983 914 1160 998 generibus
1184 935 1279 980 exer-

160 1022 328 1087 citationis
352 1023 473 1088 mentis
490 1022 658 1088 humanae
678 1043 746 1088 non
762 1022 862 1088 rebus
879 1021 1048 1104 subiectis,
1074 1021 1133 1088 sed
1148 1023 1278 1087 ratione

159 1128 393 1194 tantummodo
417 1127 593 1214 eloquendi
617 1132 718 1214 atque
742 1128 930 1216 explicandi
946 1129 1076 1212 seiungi
1091 1131 1196 1214 patet.
1229 1129 1279 1193 Ac

159 1237 305 1322 profecto
322 1235 492 1301 notionem
508 1243 564 1301 τοῦ
579 1238 740 1301 πολιτικοῦ
764 1235 941 1321 ζητήματος
963 1257 1031 1302 non
1055 1234 1099 1301 ad
1115 1236 1279 1301 rationem
1382 1238 1387 1245 ’

159 1345 346 1428 propositas
371 1342 584 1427 quaestiones
608 1341 784 1426 tractandi,
817 1343 874 1408 sed
899 1343 941 1409 ad
967 1343 1142 1409 materiam
1166 1345 1279 1408 orato-

159 1450 242 1514 riam
265 1447 403 1515 modicis
426 1447 615 1531 regionibus
640 1450 972 1516 circumscribendam
995 1452 1146 1536 spectare
1171 1471 1212 1516 ex
1227 1449 1280 1514 his

159 1555 239 1622 locis
264 1557 379 1621 elucet.

249 1680 358 1760 Quint.
375 1679 471 1762 1115,
489 1683 546 1747 15:
574 1680 734 1761 »Quidam
758 1734 764 1747 .
789 1732 796 1746 .
819 1681 905 1747 circa
920 1701 973 1746 res
994 1701 1119 1760 omnes,
1145 1678 1279 1765 quidam

161 1789 245 1854 circa
269 1787 382 1853 civiles
406 1788 503 1853 modo
521 1769 654 1855 'versari
676 1788 863 1854 rhetoricen
886 1789 1119 1874 putaverunt«

247 1913 290 1980 id.
307 1913 335 1977 ll
354 1913 403 1996 15,
418 1913 476 1978 36:
504 1942 518 1970 ι
546 1963 576 1980 ..
601 1916 743 1997 anguste
766 1914 822 1999 (sc.
839 1912 1035 1994 rhetoricen)
1058 1913 1148 1978 intra
1164 1909 1277 1976 civiles

161 2020 375 2106 quaestiones
407 2023 567 2086 coercent.
613 2021 784 2104 Albucius,
822 2041 891 2086 non
921 2019 1081 2086 obscurus
1111 2017 1280 2104 professor

161 2132 261 2212 atque
285 2129 410 2212 auctor,
443 2127 619 2193 scientiam
644 2128 728 2193 benc
753 2126 883 2194 dicendi
914 2149 989 2193 esse
1011 2127 1187 2209 consentit,
1220 2122 1279 2189 sed

161 2233 411 2320 exceptionibus
428 2237 545 2321 peccat
569 2233 740 2300 adiciendo
766 2235 852 2300 circa
875 2234 988 2300 civiles
1005 2233 1219 2320 quaestiones
1244 2234 1279 2297 et

161 2339 383 2408 credibiliter«

248 2466 290 2532 id.
307 2466 336 2530 ll
351 2467 404 2549 21,
418 2467 454 2532 2:
482 2467 643 2548 »Quidam
655 2465 769 2532 civiles
787 2468 1002 2553 quaestiones
1027 2466 1084 2552 (sc.
1101 2464 1278 2530 materiem

160 2572 339 2640 rhetorices
371 2595 444 2640 esse
477 2575 655 2659 dixerunt);
691 2595 831 2660 quorum
863 2574 973 2659 opinio
1006 2593 1073 2638 non
1104 2570 1277 2657 qualitate,

161 2679 217 2746 sed
242 2679 339 2746 modo
364 2682 495 2764 erravit,
528 2685 581 2747 est
605 2682 693 2746 enim
716 2681 801 2747 haec
824 2683 965 2747 materia
994 2679 1183 2760 rhetorices,
1220 2676 1279 2743 sed

160 2807 226 2852 non
251 2787 349 2852 sola«

248 2893 374 2960 Philod.
390 2895 473 2961 rhet.
490 2896 550 2961 V.l
581 2918 611 2981 p.
628 2896 703 2974 202,
720 2895 775 2960 12:
808 2903 873 2960 πᾶν
896 2899 1022 2980 σκέμμα
1048 2947 1054 2959 .
1079 2949 1085 2961 .
1110 2945 1116 2958 .
1141 2942 1158 2969 .,
1182 2896 1220 2957 οὗ
1243 2894 1279 2956 τὸ

159 3003 334 3066 πολειτικόκ
355 3004 465 3086 μόνον.
492 3054 497 3067 .
523 3057 529 3070 .

248 3125 324 3191 ibid.
341 3147 370 3212 p.
387 3127 532 3209 206,17;
564 3129 640 3192 οὐδὲ
670 3130 870 3210 ἔφήρμοαταί
895 3153 923 3191 τι
945 3134 1009 3197 τοῖς
1032 3127 1136 3196 ἄλλοις
1159 3127 1192 3189 ἐν
1214 3131 1280 3194 ταῖς

158 3235 366 3318 τεχνολογίαις
388 3236 502 3309 αὐτῶν,
534 3235 611 3298 ἀλλὰ
634 3243 698 3306 τοῖς
720 3237 904 3305 πολειτικοῖς
925 3235 1027 3317 μόνον
1049 3233 1279 3316 προβλήμασιν.

249 3357 411 3424 Alexand.
422 3357 564 3445 Aphrod.
579 3359 615 3424 in
631 3358 768 3424 Aristot.
777 3362 843 3445 top.
855 3379 970 3424 comm.
980 3355 1133 3424 edWall.
1143 3378 1173 3442 p.
1181 3355 1279 3420 4.14:

161 3467 252 3530 δοκεῖ
272 3516 278 3528 .
302 3515 308 3530 .
332 3473 387 3530 τοῦ
412 3468 547 3550 ῥήτορος
570 3468 668 3531 οἰκεία
692 3468 749 3549 ὕλη
773 3467 849 3531 εἶναι
872 3469 892 3549 ή
917 3468 950 3530 ἐν
972 3474 1036 3536 τοῖς
1058 3467 1226 3534 πολιτικοῖς
1248 3488 1280 3526 τε

159 3575 213 3637 καὶ
235 3572 451 3656 πρακτ(ικ)οῖς.

248 3677 324 3744 ibid.
341 3700 371 3764 p.
388 3680 417 3761 5,
435 3681 490 3745 lo:
515 3729 522 3744 .
547 3729 553 3744 .
576 3682 632 3764 τήν
649 3681 683 3744 δὲ
699 3682 869 3763 ῥητορικήν
884 3683 963 3765 μήτε
982 3681 1053 3762 περὶ
1076 3685 1180 3743 πᾶσαν
1203 3679 1280 3759 ὕλην

159 3787 282 3868 ὁμοίως
305 3787 383 3850 εἶναι
404 3795 441 3870 τῇ
470 3788 646 3870 διαλεκτικῇ
678 3786 760 3871 (περὶ
791 3787 851 3870 γὰρ
881 3788 938 3870 τήν
969 3786 1130 3867 πολιτικήν
1159 3784 1281 3868 μᾶλλον

160 3895 178 3957 ὁ
202 3895 320 3977 ῥήτωρ,
344 3895 390 3964 ὡς
413 3894 617 3978 προείρηται).

248 4015 324 4082 ibid.
341 4039 370 4103 p.
387 4018 418 4099 6,
435 4019 490 4084 19;
525 4021 564 4082 οὗ
588 4020 648 4101 γὰρ
672 4020 794 4101 ὁμοίως
824 4019 895 4101 περὶ
917 4018 1033 4088 παντὸς
1055 4018 1281 4100 προβλήματος

160 4127 179 4208 ή
204 4126 354 4208 ῥητορική
380 4127 601 4209 σαλλογιοτική·
625 4126 683 4208 ὕλη
701 4126 761 4208 γὰρ
776 4126 897 4209 μᾶλλον
919 4131 965 4206 τῷ
988 4125 1097 4206 ῥήτορι
1120 4124 1157 4186 τὰ
1181 4123 1280 4205 ἠθικά

159 4257 190 4295 τε
214 4233 268 4295 καὶ
290 4233 431 4296 πολιτικὰ
455 4234 672 4315 προβλήματα.

213 4344 332 4387 Jaeneke.
1086 4337 1102 4390 7
