3224 5044
647 382 947 447 -33-·

191 558 398 644 quaestionis
430 560 521 624 notio
545 562 680 646 propter
702 559 866 626 Ciceronis
890 560 1001 626 locum
1025 561 1076 642 (de
1099 562 1165 626 inv.
1189 561 1257 643 16,
1282 563 1314 643 8>
1346 577 1349 584 ·

190 665 225 730 in
241 665 502 731 controversiam
519 665 617 748 cadit,
643 688 710 752 qua
734 667 774 732 de
794 688 829 732 re
845 666 933 732 infra
948 667 1079 752 copiose
1097 688 1312 753 exponemus

191 773 249 838 sed
261 775 375 838 tamen
388 772 443 837 vel
456 793 498 837 ex
509 771 573 839 hac
586 773 834 859 comparatione
848 772 1087 858 Hermagoram
1103 773 1161 840 illa
1176 776 1312 842 notione

191 878 373 945 statuenda
416 879 589 946 materiam
632 881 813 946 oratoriam
850 880 1028 946 terminare
1068 880 1231 964 voluisse,
1275 884 1314 947 ut

190 986 405 1072 quaestiones
429 985 542 1072 procrd
565 986 609 1052 ab
633 987 772 1052 oratoris
796 1008 933 1053 munere
948 989 1096 1054 remotas
1112 1009 1181 1054 non
1197 988 1311 1055 exclu-

190 1093 266 1158 dere
301 1114 368 1158 non
403 1097 531 1179 posset,
567 1092 665 1159 facile
700 1093 918 1177 intellegitur,
953 1097 1189 1182 praeterquam
1224 1094 1312 1182 quod

190 1200 399 1282 Augustinus
421 1199 493 1285 ipse
516 1200 579 1266 hoc
599 1201 771 1286 perspicue
796 1201 973 1284 significat.
997 1241 1042 1250 -
1064 1202 1180 1288 Neque
1198 1205 1312 1268 autem

189 1306 225 1371 in
247 1306 431 1372 rhetoricae
455 1308 591 1373 notione
613 1307 806 1374 definienda
822 1311 957 1374 tantum
972 1309 1070 1375 Plato
1087 1309 1310 1392 Hermagorae

191 1414 259 1478 dux
288 1413 364 1494 fuit,
397 1412 455 1479 sed
488 1414 588 1480 etiam
613 1416 648 1480 in
672 1415 767 1482 varia.
789 1417 932 1481 materia
955 1418 1100 1482 oratoria
1123 1415 1311 1499 digerenda.

189 1521 275 1585 Nam
311 1522 346 1585 et
380 1520 575 1587 definitione
611 1526 644 1587 et
680 1521 912 1588 distributione
948 1523 1097 1606 scientia,
1134 1543 1235 1608 quam
1270 1543 1312 1588 ex

189 1631 312 1711 ἀτέχνῳ
333 1632 425 1712 τριβῇ
435 1629 457 1714 1)
481 1629 679 1695 rhetoricam
704 1627 839 1694 reddere
859 1628 1082 1714 Hermagorae
1106 1650 1204 1696 curae
1228 1631 1309 1711 erat,

189 1735 387 1815 continetur,
419 1734 453 1800 id
484 1735 572 1821 quod
595 1735 631 1800 in
653 1735 814 1819 Phaedro,
841 1736 897 1802 ubi
920 1735 1026 1818 Plato,
1051 1736 1171 1822 quibus
1195 1735 1310 1801 condi-

189 1841 338 1906 cionibus
361 1841 561 1908 rhetoricam
585 1841 752 1926 admittat,
777 1841 970 1928 planissime
994 1841 1176 1925 doeet‚'his
1200 1842 1310 1908 verbis

189 1948 387 2034 explicatur:
411 1952 451 2034 (p.
468 1948 533 2014 265
557 1948 608 2034 D.)
625 1999 631 2013 .
648 1999 655 2013 .
669 1951 792 2014 τούτων
816 1952 852 2014 δέ
873 1975 967 2016 τινοιν
982 1953 1017 2014 ἐκ
1032 1954 1130 2034 τύχης
1146 1953 1311 2034 ῥηδένιων

188 2057 278 2119 δυοῖν
301 2057 404 2129 εἰδοῖν,
420 2058 449 2119 εἰ
466 2058 572 2120 αὐτοῖν
586 2057 643 2139 τὴν
660 2058 794 2139 δύναμιν
808 2060 900 2140 τέχνῃ
916 2059 1022 2141 λαβεῖν
1039 2059 1164 2122 δύναιτό
1180 2083 1233 2132 τις,
1250 2060 1309 2122 οὐκ

187 2165 291 2244 ἄχαρι.
319 2163 406 2225 ΦΑΙ.
426 2162 528 2227 Τίνων
551 2164 608 2246 δή;
623 2163 696 2226 ΣΩ.
712 2164 770 2234 Εἰς
785 2166 862 2247 μίαν
877 2189 908 2228 τε
924 2165 1010 2228 ἰδέαν
1026 2171 1210 2247 συνορῶντα
1225 2167 1311 2247 ἄγειν

186 2270 223 2331 τὰ
235 2269 379 2352 πολλαχῇ
391 2270 612 2353 διεσπαρμένα,
629 2272 663 2333 ἵν’
678 2272 810 2334 ἕκαστον
825 2271 1011 2354 ὁριζόμενος
1027 2272 1123 2354 δῆλον
1139 2280 1223 2354 ποιῇ,
1239 2272 1310 2355 περὶ

187 2374 226 2439 οὗ
242 2379 282 2439 ἂν
297 2377 344 2440 ἀεὶ
361 2377 518 2440 διδάσκειν
534 2378 637 2460 ἐθέλῃ.
663 2427 668 2440 .
687 2427 693 2440 .
711 2427 717 2440 .
746 2377 833 2440 ΦΑΙ,
853 2377 881 2440 Τ
878 2377 896 2440 δ
913 2379 1049 2460 δ’έτερον
1065 2378 1104 2460 δὴ
1122 2378 1205 2448 εἶδος
1220 2379 1249 2441 τί
1261 2379 1309 2440 λέ-

188 2508 258 2564 γεις,
294 2481 323 2546 ὦ
353 2483 541 2567 Σώκρατες;
576 2485 617 2568 (p.
648 2482 714 2549 265
744 2481 792 2569 Ε.)
847 2484 919 2548 ΣΩ.
957 2484 999 2548 Τδ
1021 2486 1113 2549 πάλιν
1144 2487 1209 2548 κατ’
1242 2485 1308 2568 εἶδη

188 2590 344 2654 δύνασθαι
373 2592 503 2673 τέμνειν,
534 2592 598 2654 κατ’
632 2592 750 2674 ἅρδρα,
782 2590 803 2674 ᾖ
832 2593 966 2674 πέφυκε,
998 2592 1051 2655 καὶ
1077 2592 1123 2674 μὴ
1148 2593 1310 2673 ἐπιχειρεῖν

185 2697 376 2778 καταγνύναι
405 2699 504 2779 μέρος
530 2699 641 2780 μηδέν,
669 2705 772 2761 κακοῦ
795 2700 948 2781 μαγείροο
971 2699 1082 2780 τρόπῳ
1105 2695 1312 2784 χρώμενονέ)

186 2801 270 2866 lhud
296 2801 519 2886 Hermagoras
549 2802 703 2889 perfecit,
735 2807 774 2868 ut
804 2804 872 2869 iam
904 2803 1057 2884 vidimus,
1090 2826 1164 2870 cum
1195 2803 1308 2869 multi-

185 2908 302 2995 plicem
328 2911 503 2976 materiam
527 2910 707 2976 oratoriam
731 2910 789 2975 uni
812 2910 941 2976 notioni
962 2919 1018 2976 τοῦ
1038 2913 1198 2976 πολιτικοῦ
1216 2914 1309 2995 ζητή-

184 3041 285 3100 ματος
316 3016 465 3098 subiecit‚
500 3016 571 3100 hoc,
606 3038 681 3082 cum
709 3038 784 3083 eam
819 3018 990 3083 notionem
1021 3017 1244 3084 universalem
1273 3018 1308 3081 in

185 3143 317 3206 genera
348 3124 485 3210 species,
517 3127 629 3210 partes
657 3124 906 3210 particulasque
931 3127 1032 3189 acuta
1056 3123 1308 3189 continuatione

185 3230 336 3314 serieque
367 3229 504 3313 digessit
534 3230 633 3316 idque
656 3234 728 3296 tam
752 3231 925 3296 enucleate
950 3229 1132 3296 secundum
1156 3229 1308 3296 Platonis

185 3407 233 3475 (cf.
258 3407 333 3462 Plat.
353 3408 436 3476 Gorg.
456 3407 601 3478 p.4591):
628 3447 634 3460 .
655 3447 661 3460 .
682 3448 688 3460 .
706 3413 768 3477 περὶ
790 3408 821 3460 τὸ
848 3404 949 3459 δίκαιον
971 3411 1016 3458 καὶ
1040 3406 1071 3459 τὸ
1096 3404 1188 3460 ἄδικον
1211 3410 1256 3459 καὶ
1277 3406 1309 3459 τὸ

185 3496 294 3567 αἰσχρὸν
312 3500 357 3548 καὶ
375 3495 405 3548 τὸ
424 3493 506 3548 καλὸν
523 3500 568 3548 καὶ
587 3495 693 3566 δγαθὸν
710 3501 755 3549 ιιαὶ
773 3496 855 3549 ιισιιὸν
874 3537 880 3550 .
901 3537 907 3550 .
928 3499 942 3567 .)
965 3539 970 3552 .
991 3540 997 3554 .
1018 3538 1033 3562 .,
1053 3514 1135 3551 nemo
1148 3514 1206 3552 non
1224 3496 1310 3551 etiam

184 3589 266 3640 extra
285 3602 396 3640 omnem
409 3589 498 3640 artem
519 3589 548 3639 et
561 3586 709 3640 seientiam
722 3587 891 3641 conlocatus
904 3588 1060 3650 erubescat,
1081 3588 1103 3640 si
1117 3587 1189 3641 haec
1201 3586 1307 3640 nescire

184 3674 325 3728 videatur.
346 3716 353 3728 .
374 3716 378 3728 .
400 3717 406 3729 .
425 3675 528 3728 idcirco
550 3691 621 3746 quae
640 3675 833 3730 dubitationes
855 3675 884 3729 in
902 3676 1061 3729 huiusmodi
1074 3676 1156 3728 rebus
1172 3675 1306 3738 oriuntur,

184 3764 279 3818 civiles
297 3767 436 3818 vocantur
455 3764 642 3834 quaestiones
663 3765 743 3836 quasi
762 3782 820 3818 non
840 3764 968 3834 propriae
987 3779 1150 3834 paucorum,
1170 3764 1218 3816 sed
1233 3779 1307 3817 eom·

183 3869 283 3907 munes
303 3853 519 3907 universorum«

275 3941 293 4011 ¹)
311 3941 384 3996 Plat.
403 3941 525 3998 Phaedr.
544 3958 570 4011 p.
584 3941 638 3997 260
648 3942 678 3996 H.
716 3943 758 3997 cf.
779 3943 874 4011 Quint.
893 3943 918 3996 11
933 3941 1025 4005 raas.
1059 3940 1135 3997 Sext.
1149 3941 1227 4012 Hmp.
1241 3941 1305 3995 adr.

182 4030 272 4085 math.
301 4030 325 4084 Π
349 4031 390 4085 17.
436 4030 592 4085 Philodem.
623 4031 696 4085 rhet.
726 4031 812 4086 Sudh.
841 4030 976 4102 supplem.
1004 4048 1030 4101 p.
1048 4028 1189 4096 XXXV113
1219 4030 1306 4084 vohi

183 4119 382 4190 p.103‚7sqq.

273 4207 292 4277 ⁹)
313 4207 355 4264 Gi.
373 4208 438 4263 ibid.
459 4225 485 4278 p.
500 4208 599 4275 266133
619 4209 712 4264 27313.

236 4303 355 4348 Jaeneke.
1109 4298 1127 4350 3
