3224 5044
621 393 843 460 ..55-

170 601 197 638 ιι
222 576 257 638 et
279 575 358 638 κατὰ
383 575 570 656 συμπλοκήν
594 572 729 638 omnino
752 571 1024 658 philosophorum
1041 571 1292 638 consuetudinis

172 683 261 764 sunt,
285 683 401 746 tamen
425 701 446 745 a
470 679 590 744 Stoicis
611 680 690 764 ipsis
715 683 870 765 sumptae
892 700 966 745 esse
992 678 1155 763 videntur,
1180 699 1290 765 quon-

171 788 239 852 iam
262 786 376 852 multis
401 785 474 852 aliis
500 785 600 851 rebus
615 785 833 869 Hermogenis
849 788 1019 851 auctorem
1036 806 1077 851 ex
1092 785 1132 850 iis
1149 783 1292 870 pendere

171 893 484 958 demonstrabimus,
535 892 619 958 Vide
650 890 778 975 Gelani,
812 891 901 977 apud
932 912 1031 977 quem
1062 890 1154 957 haud
1183 911 1292 976 pauca

170 1000 360 1082 fragmenta
384 999 570 1065 Stoicorum
595 997 788 1064 dialecticae
812 998 1039 1082 Inveniuntur,
1068 998 1213 1064 institut.
1228 998 1291 1082 log.

172 1129 192 1172 a
223 1107 461 1173 Kalbfleischio
495 1106 604 1172 denuo
638 1105 687 1170 ed.
715 1127 745 1190 p.
767 1105 822 1188 40,
846 1106 896 1190 18,
934 1105 991 1170 ubi
1025 1105 1291 1192 proportionibus

171 1214 417 1280 mathematicis
450 1213 670 1300 syllogismos
704 1213 863 1300 quinaret
894 1213 929 1276 τὸ
959 1215 1041 1294 πρός
1071 1239 1098 1276 τι
1127 1211 1290 1297 dicuntur,

169 1321 358 1386 illustrandi
389 1341 493 1387 cause
526 1319 638 1386 allatis
668 1320 719 1385 ita
749 1320 872 1407 pergIt:
904 1322 1026 1403 ὁμοίως
1058 1321 1092 1384 δὲ
1122 1321 1201 1384 κάπὶ
1227 1326 1292 1384 τῶν

170 1431 274 1493 ἄλλων
305 1431 454 1493 ἁπάντων
486 1431 505 1512 ἡ
537 1430 682 1499 σύστασις
713 1434 777 1491 τῶν
809 1429 1038 1492 ἀποδεικτικῶν
1074 1429 1292 1510 συλλογισμῶν

169 1537 248 1600 κατά
273 1537 407 1618 δύναμιν
430 1537 611 1617 ἀξιώματος
639 1538 721 1600 ἔσται
752 1537 955 1617 συνημμένον
983 1534 1033 1597 ἐπὶ
1063 1535 1213 1616 άριδμῶν
1241 1535 1294 1596 ἐπί

168 1667 200 1706 τε
215 1643 320 1706 ἄλλων
330 1644 529 1725 πραγμάτων
545 1643 578 1706 ἒν
589 1651 635 1724 τῷ
650 1644 731 1724 πρός
746 1666 773 1705 τι
790 1644 869 1723 γένει
884 1642 938 1704 καὶ
953 1642 1059 1704 αὐτῶν
1071 1641 1290 1723 ὑπαρχόντων·

172 1751 244 1813 «καὶ
267 1751 328 1832 γὰρ
350 1751 400 1814 ἐπὶ
418 1751 557 1813 τούτων»
585 1749 603 1812 ὁ
626 1749 833 1831 συλλογισμὸς
853 1751 939 1812 ἔσται
961 1749 1041 1811 κατά
1064 1773 1091 1810 τι
1113 1753 1177 1810 τῶν
1193 1749 1289 1820 ἀξιω-

167 1857 288 1938 μάτων,
312 1857 380 1920 οῖυν
396 1858 525 1920 obruad
547 1857 609 1918 «εἰ»
628 1856 864 1937 Σωφρονίσκος
879 1855 981 1937 πατήρ
1006 1856 1067 1917 ἔστι
1082 1854 1289 1936 Σωκράτους,

166 1964 346 2046 Σωκράτης
356 1964 424 2033 υἱός
434 1964 751 2045 ἕστιΣωφρονίσκου’
766 1962 820 2025 καὶ
827 1962 980 2025 ἀνάπαλιν
988 1963 1030 2024 (εἰ
1034 1961 1290 2044 Σωκρε’τηςυῖάς

168 2072 229 2135 ἔστι
237 2070 483 2153 Σωφρονίσκου,
496 2072 599 2152 πατήρ
613 2071 674 2133 ἔστι
683 2069 919 2152 Σωφρονίσκος
925 2068 1140 2147 Σωκράτουςῖ
1163 2065 1290 2132 Vocem

168 2179 362 2261 συμπλοκῆς,
373 2177 460 2242 sicut
468 2175 532 2241 nisi
542 2176 585 2241 ad
596 2176 775 2240 enuntiata
786 2173 951 2262 particula
959 2173 1153 2260 copulativa
1161 2194 1289 2240 conexa

167 2305 189 2348 a
201 2283 320 2350 Stoicis
332 2281 439 2348 relata
450 2275 608 2348 non'esse
621 2281 772 2357 traditur,
783 2283 808 2369 1)
823 2283 873 2348 ita
888 2281 923 2346 in
939 2302 1055 2347 eorum
1070 2280 1289 2363 grammatica

167 2389 322 2456 attributi
345 2411 476 2476 quoque
501 2392 537 2456 et
553 2389 759 2455 substantivi
776 2388 1054 2471 coniunctionem,
1081 2409 1182 2473 quarn
1199 2385 1288 2473 apud

165 2497 422 2580 Hermogenem,
454 2495 620 2582 particula
652 2496 844 2581 copulativa
875 2498 1044 2561 carentem
1077 2493 1287 2578 significasse

165 2605 237 2670 veri
260 2604 417 2671 dissimile
440 2625 509 2670 non
534 2607 593 2670 est.
639 2601 766 2668 Deinde
799 2603 827 2668 si
860 2603 907 2668 eis
937 2602 1098 2688 personIs
1131 2622 1217 2687 quae
1249 2603 1289 2666 ut

165 2711 357 2778 indefinItae
382 2710 648 2797 disquisitionem
672 2731 739 2776 non
768 2708 961 2793 admIttunt
991 2708 1130 2794 respect
1179 2709 1287 2773 totam

165 2819 285 2884 seriem
308 2818 486 2902 intuemur,
517 2818 606 2883 inter
633 2819 770 2883 nomina
797 2818 929 2904 propria
961 2817 1009 2900 (τά
1041 2818 1204 2900 ὡρισμένα
1233 2815 1287 2879 καὶ

164 2929 283 3011 κύρια),
308 2947 403 3012 quae,
421 2925 500 2991 dum
516 2925 614 2991 modo
631 2946 774 3011 persona
790 2924 924 3006 cognita
940 2925 993 3005 sit,
1018 2924 1202 2989 maximam
1216 2923 1286 2987 vim

165 3033 372 3100 describendi
401 3033 545 3114 habent,
583 3035 617 3097 et
647 3032 733 3096 inter
764 3033 893 3115 ἀόριστα
924 3029 1034 3096 media
1065 3030 1177 3116 posim
1208 3049 1282 3093 esse

163 3141 362 3206 invenimus.
407 3138 499 3204 Idem
528 3139 703 3205 discrimen
731 3138 981 3204 enuntiatorum
1005 3135 1135 3201 Stoicos
1163 3134 1283 3200 fecisse

164 3248 289 3314 Sextus
312 3246 496 3333 Empiricus
520 3248 638 3313 auctor
661 3249 714 3311 est
736 3245 826 3331 (adv.
847 3245 950 3310 math.
965 3243 1039 3309 VIII
1061 3244 1103 3309 96
1125 3264 1172 3328 sq.
1198 3240 1286 3331 [Am.

162 3355 201 3420 fr.
215 3355 314 3421 Stoie.
326 3354 398 3421 V.II
414 3376 445 3420 n.
458 3352 565 3442 205]):
588 3361 653 3418 τῶν
669 3355 703 3418 δὲ
720 3355 830 3417 ἁπλῶν
848 3353 904 3436 (sc.
922 3352 1128 3434 ἀξιωμάτων)
1145 3350 1211 3414 τινὰ
1226 3350 1286 3432 μὲν

164 3465 325 3546 ὡρισμένα
349 3465 437 3535 ἐστίν,
461 3463 527 3526 τινὰ
552 3463 587 3525 δὲ
610 3463 747 3544 ἀόριστα,
778 3461 845 3524 τινὰ
869 3461 903 3523 δὲ
926 3462 1017 3542 μέσα,
1041 3460 1200 3540 ῶριςμένα
1226 3457 1286 3539 μὲν

162 3571 199 3634 τὰ
214 3571 294 3634 κατὰ
309 3571 403 3643 δεῖξιν
416 3571 625 3652 ἐκφερόμενα,
642 3570 710 3632 οἷον
723 3565 828 3638 ‘cirros
846 3573 1013 3649 περιπατεῖ,
1031 3563 1123 3635 οὗτος
1138 3564 1284 3647 κάθηται·

164 3679 306 3759 δείκνυμι
329 3677 389 3758 γάρ
409 3701 475 3740 τινα
495 3682 559 3740 τῶν
580 3676 629 3739 ἐπὶ
651 3677 771 3758 μέρους
792 3675 986 3756 ἀνθρώπων·
1011 3674 1140 3752 ἀόριστα
1167 3672 1202 3752 δέ
1225 3672 1293 3752 ἔστι,

162 3786 227 3848 κατ’
246 3783 360 3853 αὐτοὺς
376 3785 410 3846 ἐν
426 3785 473 3853 οῖς
488 3783 634 3865 ἀόριστόν
645 3807 671 3845 τι
688 3783 824 3862 κυριεύει
835 3782 959 3862 μόριον,
977 3780 1044 3843 οῖον
1057 3778 1112 3848 ’τὶς
1124 3779 1283 3859 κάθηταί·

161 3894 244 3973 μέσα
277 3890 311 3953 δὲ
340 3890 377 3952 τά
401 3892 503 3959 οὕτως
526 3891 637 3972 ἔχοντα
665 3889 853 3970 (ἄνθρωπος
883 3886 1031 3968 κάθηταί
1059 3883 1284 3966 ἢἙωκράτης

161 3999 346 4080 περιπατεῗ,
359 3996 423 4060 nisi
436 3993 524 4080 quod
535 3993 598 4076 hic,
616 4015 691 4059 cum
703 4013 885 4080 pronomen
898 3990 1200 4056 demonstrativum
1212 4010 1283 4054 rno-

252 4227 271 4295 1)
290 4226 408 4281 Prantlii
427 4227 482 4294 log.
496 4226 587 4280 histl
605 4242 632 4296 p.
645 4225 707 4279 446.

214 4322 332 4367 Jacnckc.
