<?xml version="1.0" encoding="UTF-8"?>
<!DOCTYPE html PUBLIC "-//W3C//DTD XHTML 1.0 Transitional//EN"
    "http://www.w3.org/TR/xhtml1/DTD/xhtml1-transitional.dtd">
<html xmlns="http://www.w3.org/1999/xhtml" xml:lang="en" lang="en">
 <head>
  <title>
</title>
<meta http-equiv="Content-Type" content="text/html;charset=utf-8" />
  <meta name='ocr-system' content='tesseract 3.04.00' />
  <meta name='ocr-capabilities' content='ocr_page ocr_carea ocr_par ocr_line ocrx_word'/>
</head>
<body>
  <div class='ocr_page' id='page_1' title='image "./destatuumdoctri00jaengoog_0075.png"; bbox 0 0 3224 5044; ppageno 0'>
   <div class='ocr_carea' id='block_1_1' title="bbox 761 387 978 454">
    <p class='ocr_par' dir='ltr' id='par_1_1' title="bbox 761 387 978 454">
     <span class='ocr_line' id='line_1_1' title="bbox 761 387 978 454; baseline 0.009 -18"><span class='ocrx_word' id='word_1_1' title='bbox 761 387 978 454; x_wconf 66' lang='grc'>..62-</span> 
     </span>
    </p>
   </div>
   <div class='ocr_carea' id='block_1_2' title="bbox 305 565 1433 2900">
    <p class='ocr_par' dir='ltr' id='par_1_2' title="bbox 305 565 1433 2575">
     <span class='ocr_line' id='line_1_2' title="bbox 396 565 1431 653; baseline 0.001 -21"><span class='ocrx_word' id='word_1_2' title='bbox 396 565 462 632; x_wconf 85' lang='lat' dir='ltr'><strong>Sed</strong></span> <span class='ocrx_word' id='word_1_3' title='bbox 495 587 587 632; x_wconf 90' lang='lat' dir='ltr'><strong>nunc</strong></span> <span class='ocrx_word' id='word_1_4' title='bbox 621 565 849 652; x_wconf 90' lang='lat' dir='ltr'><strong>quaerendum</strong></span> <span class='ocrx_word' id='word_1_5' title='bbox 884 570 945 650; x_wconf 91' lang='lat' dir='ltr'><strong>est,</strong></span> <span class='ocrx_word' id='word_1_6' title='bbox 986 566 1066 653; x_wconf 94' lang='lat' dir='ltr'><strong>quid</strong></span> <span class='ocrx_word' id='word_1_7' title='bbox 1101 565 1203 633; x_wconf 85' lang='lat' dir='ltr'><strong>Stoici</strong></span> <span class='ocrx_word' id='word_1_8' title='bbox 1241 565 1283 632; x_wconf 88' lang='lat' dir='ltr'><strong>ad</strong></span> <span class='ocrx_word' id='word_1_9' title='bbox 1319 569 1431 634; x_wconf 83' lang='lat' dir='ltr'><strong>status</strong></span> 
     </span>
     <span class='ocr_line' id='line_1_3' title="bbox 307 673 1431 761; baseline 0 -21"><span class='ocrx_word' id='word_1_10' title='bbox 307 673 510 740; x_wconf 86' lang='lat' dir='ltr'><strong>enarrandos</strong></span> <span class='ocrx_word' id='word_1_11' title='bbox 543 673 753 739; x_wconf 78' lang='lat' dir='ltr'>contulerint.</span> <span class='ocrx_word' id='word_1_12' title='bbox 801 673 875 754; x_wconf 80' lang='lat' dir='ltr'><strong>Qua</strong></span> <span class='ocrx_word' id='word_1_13' title='bbox 906 673 941 739; x_wconf 91' lang='lat' dir='ltr'><strong>in</strong></span> <span class='ocrx_word' id='word_1_14' title='bbox 968 695 1003 739; x_wconf 88' lang='lat' dir='ltr'><strong>ro</strong></span> <span class='ocrx_word' id='word_1_15' title='bbox 1027 674 1280 757; x_wconf 87' lang='lat' dir='ltr'><strong>Hermogenem,</strong></span> <span class='ocrx_word' id='word_1_16' title='bbox 1311 676 1431 761; x_wconf 86' lang='lat' dir='ltr'><strong>utpote</strong></span> 
     </span>
     <span class='ocr_line' id='line_1_4' title="bbox 306 780 1433 866; baseline 0.002 -22"><span class='ocrx_word' id='word_1_17' title='bbox 306 780 364 866; x_wconf 94' lang='lat' dir='ltr'><strong>qui</strong></span> <span class='ocrx_word' id='word_1_18' title='bbox 395 780 479 846; x_wconf 86' lang='lat' dir='ltr'><strong>satis</strong></span> <span class='ocrx_word' id='word_1_19' title='bbox 510 780 639 862; x_wconf 81' lang='lat' dir='ltr'>largam</span> <span class='ocrx_word' id='word_1_20' title='bbox 667 781 844 846; x_wconf 79' lang='lat' dir='ltr'><strong>materiam</strong></span> <span class='ocrx_word' id='word_1_21' title='bbox 875 780 918 847; x_wconf 92' lang='lat' dir='ltr'><strong>ad</strong></span> <span class='ocrx_word' id='word_1_22' title='bbox 950 801 1063 846; x_wconf 85' lang='lat' dir='ltr'><strong>eorum</strong></span> <span class='ocrx_word' id='word_1_23' title='bbox 1096 780 1264 847; x_wconf 87' lang='lat' dir='ltr'><strong>doctrinae</strong></span> <span class='ocrx_word' id='word_1_24' title='bbox 1287 781 1433 863; x_wconf 81' lang='lat' dir='ltr'><strong>vestigia</strong></span> 
     </span>
     <span class='ocr_line' id='line_1_5' title="bbox 307 885 1430 974; baseline 0.002 -22"><span class='ocrx_word' id='word_1_25' title='bbox 307 885 457 952; x_wconf 89' lang='lat' dir='ltr'><strong>eruenda</strong></span> <span class='ocrx_word' id='word_1_26' title='bbox 470 887 537 970; x_wconf 88' lang='lat' dir='ltr'><strong>det,</strong></span> <span class='ocrx_word' id='word_1_27' title='bbox 552 886 749 953; x_wconf 79' lang='lat' dir='ltr'>adhibemus</span> <span class='ocrx_word' id='word_1_28' title='bbox 761 887 929 972; x_wconf 75' lang='lat' dir='ltr'><strong>istamque</strong></span> <span class='ocrx_word' id='word_1_29' title='bbox 942 887 1177 973; x_wconf 83' lang='lat' dir='ltr'><strong>quaestionem</strong></span> <span class='ocrx_word' id='word_1_30' title='bbox 1189 887 1430 974; x_wconf 78' lang='lat' dir='ltr'><strong>alsolvendarn,</strong></span> 
     </span>
     <span class='ocr_line' id='line_1_6' title="bbox 307 992 1432 1081; baseline 0.001 -21"><span class='ocrx_word' id='word_1_31' title='bbox 307 1015 402 1076; x_wconf 88' lang='lat' dir='ltr'><strong>cane,</strong></span> <span class='ocrx_word' id='word_1_32' title='bbox 443 1013 529 1078; x_wconf 85' lang='lat' dir='ltr'><strong>quae</strong></span> <span class='ocrx_word' id='word_1_33' title='bbox 565 1013 586 1056; x_wconf 89' lang='lat' dir='ltr'><strong>a</strong></span> <span class='ocrx_word' id='word_1_34' title='bbox 621 992 740 1059; x_wconf 79' lang='lat' dir='ltr'>Stoicis</span> <span class='ocrx_word' id='word_1_35' title='bbox 780 997 915 1079; x_wconf 88' lang='lat' dir='ltr'><strong>sumpta</strong></span> <span class='ocrx_word' id='word_1_36' title='bbox 953 1014 1027 1061; x_wconf 89' lang='lat' dir='ltr'><strong>csse</strong></span> <span class='ocrx_word' id='word_1_37' title='bbox 1064 994 1153 1081; x_wconf 86' lang='lat' dir='ltr'><strong>apud</strong></span> <span class='ocrx_word' id='word_1_38' title='bbox 1188 994 1432 1078; x_wconf 82' lang='lat' dir='ltr'><strong>Hermogenem</strong></span> 
     </span>
     <span class='ocr_line' id='line_1_7' title="bbox 307 1099 1430 1188; baseline 0.002 -22"><span class='ocrx_word' id='word_1_39' title='bbox 307 1099 527 1166; x_wconf 87' lang='lat' dir='ltr'><strong>demonstrari</strong></span> <span class='ocrx_word' id='word_1_40' title='bbox 543 1103 665 1185; x_wconf 87' lang='lat' dir='ltr'><strong>potest,</strong></span> <span class='ocrx_word' id='word_1_41' title='bbox 691 1099 734 1164; x_wconf 88' lang='lat' dir='ltr'><strong>ad</strong></span> <span class='ocrx_word' id='word_1_42' title='bbox 748 1099 990 1184; x_wconf 88' lang='lat' dir='ltr'><strong>Hermagoram</strong></span> <span class='ocrx_word' id='word_1_43' title='bbox 1005 1122 1139 1188; x_wconf 93' lang='lat' dir='ltr'><strong>quoque</strong></span> <span class='ocrx_word' id='word_1_44' title='bbox 1154 1101 1329 1168; x_wconf 84' lang='lat' dir='ltr'><strong>referenda</strong></span> <span class='ocrx_word' id='word_1_45' title='bbox 1351 1101 1430 1185; x_wconf 80' lang='lat' dir='ltr'><strong>sint,</strong></span> 
     </span>
     <span class='ocr_line' id='line_1_8' title="bbox 309 1206 1430 1295; baseline 0.004 -23"><span class='ocrx_word' id='word_1_46' title='bbox 309 1207 343 1272; x_wconf 93' lang='lat' dir='ltr'><strong>in</strong></span> <span class='ocrx_word' id='word_1_47' title='bbox 360 1206 451 1272; x_wconf 84' lang='lat' dir='ltr'><strong>tertii</strong></span> <span class='ocrx_word' id='word_1_48' title='bbox 468 1207 587 1292; x_wconf 86' lang='lat' dir='ltr'><strong>capitis</strong></span> <span class='ocrx_word' id='word_1_49' title='bbox 611 1206 752 1272; x_wconf 87' lang='lat' dir='ltr'><strong>alteram</strong></span> <span class='ocrx_word' id='word_1_50' title='bbox 767 1210 898 1294; x_wconf 88' lang='lat' dir='ltr'><strong>partem</strong></span> <span class='ocrx_word' id='word_1_51' title='bbox 914 1207 1109 1292; x_wconf 83' lang='lat' dir='ltr'><strong>differimus,</strong></span> <span class='ocrx_word' id='word_1_52' title='bbox 1133 1231 1210 1295; x_wconf 88' lang='lat' dir='ltr'><strong>qua,</strong></span> <span class='ocrx_word' id='word_1_53' title='bbox 1234 1229 1321 1295; x_wconf 84' lang='lat' dir='ltr'><strong>quae</strong></span> <span class='ocrx_word' id='word_1_54' title='bbox 1344 1210 1430 1277; x_wconf 91' lang='lat' dir='ltr'><strong>ratio</strong></span> 
     </span>
     <span class='ocr_line' id='line_1_9' title="bbox 306 1313 1429 1404; baseline 0.004 -26"><span class='ocrx_word' id='word_1_55' title='bbox 306 1314 353 1379; x_wconf 93' lang='lat' dir='ltr'><strong>illi</strong></span> <span class='ocrx_word' id='word_1_56' title='bbox 376 1333 451 1378; x_wconf 92' lang='lat' dir='ltr'><strong>cum</strong></span> <span class='ocrx_word' id='word_1_57' title='bbox 475 1313 538 1380; x_wconf 94' lang='lat' dir='ltr'><strong>hoc</strong></span> <span class='ocrx_word' id='word_1_58' title='bbox 567 1313 763 1397; x_wconf 76' lang='lat' dir='ltr'><strong>intercedat,</strong></span> <span class='ocrx_word' id='word_1_59' title='bbox 796 1317 928 1398; x_wconf 75' lang='lat' dir='ltr'><strong>agetur·</strong></span> <span class='ocrx_word' id='word_1_60' title='bbox 944 1353 989 1362; x_wconf 89' lang='grc'><strong>-</strong></span> <span class='ocrx_word' id='word_1_61' title='bbox 1013 1315 1097 1382; x_wconf 80' lang='lat' dir='ltr'><strong>&#39;Poto</strong></span> <span class='ocrx_word' id='word_1_62' title='bbox 1123 1337 1200 1382; x_wconf 89' lang='lat' dir='ltr'><strong>vcro</strong></span> <span class='ocrx_word' id='word_1_63' title='bbox 1225 1316 1334 1401; x_wconf 86' lang='lat' dir='ltr'><strong>modo,</strong></span> <span class='ocrx_word' id='word_1_64' title='bbox 1365 1337 1429 1404; x_wconf 93' lang='lat' dir='ltr'><strong>quo</strong></span> 
     </span>
     <span class='ocr_line' id='line_1_10' title="bbox 307 1418 1430 1507; baseline 0.004 -21"><span class='ocrx_word' id='word_1_65' title='bbox 307 1423 418 1486; x_wconf 89' lang='lat' dir='ltr'><strong>status</strong></span> <span class='ocrx_word' id='word_1_66' title='bbox 436 1418 645 1506; x_wconf 88' lang='lat' dir='ltr'><strong>explicantur</strong></span> <span class='ocrx_word' id='word_1_67' title='bbox 661 1421 703 1487; x_wconf 90' lang='lat' dir='ltr'><strong>ab</strong></span> <span class='ocrx_word' id='word_1_68' title='bbox 720 1421 939 1505; x_wconf 86' lang='lat' dir='ltr'><strong>Hermogene,</strong></span> <span class='ocrx_word' id='word_1_69' title='bbox 961 1423 1165 1507; x_wconf 78' lang='lat' dir='ltr'><strong>adducimur,</strong></span> <span class='ocrx_word' id='word_1_70' title='bbox 1190 1426 1230 1488; x_wconf 88' lang='lat' dir='ltr'><strong>ut</strong></span> <span class='ocrx_word' id='word_1_71' title='bbox 1245 1423 1430 1490; x_wconf 83' lang='lat' dir='ltr'><strong>Stoicorum</strong></span> 
     </span>
     <span class='ocr_line' id='line_1_11' title="bbox 306 1527 1429 1615; baseline 0.005 -23"><span class='ocrx_word' id='word_1_72' title='bbox 306 1527 450 1611; x_wconf 87' lang='lat' dir='ltr'><strong>vestigia</strong></span> <span class='ocrx_word' id='word_1_73' title='bbox 490 1530 623 1593; x_wconf 85' lang='lat' dir='ltr'><strong>exstare</strong></span> <span class='ocrx_word' id='word_1_74' title='bbox 663 1527 878 1614; x_wconf 81' lang='lat' dir='ltr'><strong>suspicemur.</strong></span> <span class='ocrx_word' id='word_1_75' title='bbox 933 1529 996 1611; x_wconf 79' lang='lat' dir='ltr'><strong>Qui</strong></span> <span class='ocrx_word' id='word_1_76' title='bbox 1034 1530 1142 1615; x_wconf 88' lang='lat' dir='ltr'><strong>qualis</strong></span> <span class='ocrx_word' id='word_1_77' title='bbox 1181 1531 1235 1611; x_wconf 84' lang='lat' dir='ltr'><strong>sit,</strong></span> <span class='ocrx_word' id='word_1_78' title='bbox 1274 1530 1429 1598; x_wconf 84' lang='lat' dir='ltr'><strong>facillime</strong></span> 
     </span>
     <span class='ocr_line' id='line_1_12' title="bbox 307 1635 1429 1725; baseline 0.004 -25"><span class='ocrx_word' id='word_1_79' title='bbox 307 1635 547 1718; x_wconf 86' lang='lat' dir='ltr'><strong>cognoscimus,</strong></span> <span class='ocrx_word' id='word_1_80' title='bbox 588 1656 664 1701; x_wconf 93' lang='lat' dir='ltr'><strong>cum</strong></span> <span class='ocrx_word' id='word_1_81' title='bbox 702 1637 888 1700; x_wconf 86' lang='lat' dir='ltr'><strong>tractatum</strong></span> <span class='ocrx_word' id='word_1_82' title='bbox 927 1637 998 1702; x_wconf 86' lang='lat' dir='ltr'><strong>eius</strong></span> <span class='ocrx_word' id='word_1_83' title='bbox 1033 1637 1261 1722; x_wconf 85' lang='lat' dir='ltr'><strong>percurrimus.</strong></span> <span class='ocrx_word' id='word_1_84' title='bbox 1319 1641 1429 1725; x_wconf 86' lang='lat' dir='ltr'><strong>Atque</strong></span> 
     </span>
     <span class='ocr_line' id='line_1_13' title="bbox 307 1742 1428 1829; baseline 0.004 -23"><span class='ocrx_word' id='word_1_85' title='bbox 307 1742 533 1824; x_wconf 81' lang='lat' dir='ltr'><strong>Hermogenes</strong></span> <span class='ocrx_word' id='word_1_86' title='bbox 558 1742 674 1807; x_wconf 88' lang='lat' dir='ltr'><strong>statim</strong></span> <span class='ocrx_word' id='word_1_87' title='bbox 697 1764 727 1828; x_wconf 88' lang='lat' dir='ltr'><strong>p.</strong></span> <span class='ocrx_word' id='word_1_88' title='bbox 745 1742 819 1825; x_wconf 89' lang='lat'><strong>133,</strong></span> <span class='ocrx_word' id='word_1_89' title='bbox 837 1744 886 1824; x_wconf 82' lang='lat'><strong>12,</strong></span> <span class='ocrx_word' id='word_1_90' title='bbox 911 1765 1013 1829; x_wconf 84' lang='lat' dir='ltr'><strong>quam</strong></span> <span class='ocrx_word' id='word_1_91' title='bbox 1035 1744 1201 1810; x_wconf 87' lang='lat' dir='ltr'><strong>rationem</strong></span> <span class='ocrx_word' id='word_1_92' title='bbox 1216 1745 1359 1811; x_wconf 91' lang='lat' dir='ltr'><strong>initurus</strong></span> <span class='ocrx_word' id='word_1_93' title='bbox 1375 1747 1428 1828; x_wconf 86' lang='lat' dir='ltr'><strong>sit,</strong></span> 
     </span>
     <span class='ocr_line' id='line_1_14' title="bbox 307 1849 1428 1938; baseline 0.004 -24"><span class='ocrx_word' id='word_1_94' title='bbox 307 1849 358 1914; x_wconf 88' lang='lat' dir='ltr'><strong>his</strong></span> <span class='ocrx_word' id='word_1_95' title='bbox 374 1849 486 1914; x_wconf 88' lang='lat' dir='ltr'><strong>verbis</strong></span> <span class='ocrx_word' id='word_1_96' title='bbox 500 1849 641 1915; x_wconf 90' lang='lat' dir='ltr'><strong>dilucido</strong></span> <span class='ocrx_word' id='word_1_97' title='bbox 653 1850 847 1916; x_wconf 89' lang='lat' dir='ltr'><strong>adumbrat:</strong></span> <span class='ocrx_word' id='word_1_98' title='bbox 871 1853 941 1934; x_wconf 83' lang='grc' dir='ltr'><em>περὶ</em></span> <span class='ocrx_word' id='word_1_99' title='bbox 954 1901 960 1915; x_wconf 95' lang='grc'>.</span> <span class='ocrx_word' id='word_1_100' title='bbox 974 1902 981 1916; x_wconf 95' lang='grc'><strong>.</strong></span> <span class='ocrx_word' id='word_1_101' title='bbox 993 1860 1048 1935; x_wconf 86' lang='grc' dir='ltr'><strong>τῆς</strong></span> <span class='ocrx_word' id='word_1_102' title='bbox 1069 1859 1134 1918; x_wconf 86' lang='grc' dir='ltr'><strong>τῶν</strong></span> <span class='ocrx_word' id='word_1_103' title='bbox 1145 1855 1314 1918; x_wconf 78' lang='grc' dir='ltr'><strong><em>πολιτικῶν</em></strong></span> <span class='ocrx_word' id='word_1_104' title='bbox 1337 1857 1428 1938; x_wconf 84' lang='grc' dir='ltr'><em>ζητη-</em></span> 
     </span>
     <span class='ocr_line' id='line_1_15' title="bbox 305 1957 1429 2043; baseline 0.004 -23"><span class='ocrx_word' id='word_1_105' title='bbox 305 1958 418 2039; x_wconf 83' lang='grc' dir='ltr'><em>μάτων</em></span> <span class='ocrx_word' id='word_1_106' title='bbox 443 1958 625 2039; x_wconf 82' lang='grc' dir='ltr'><em>διαιρέσεως</em></span> <span class='ocrx_word' id='word_1_107' title='bbox 648 1959 691 2028; x_wconf 83' lang='grc' dir='ltr'><strong>εἰς</strong></span> <span class='ocrx_word' id='word_1_108' title='bbox 712 1957 750 2021; x_wconf 89' lang='grc' dir='ltr'><strong>τὰ</strong></span> <span class='ocrx_word' id='word_1_109' title='bbox 773 1959 928 2041; x_wconf 90' lang='grc' dir='ltr'><em>λεγόμενα</em></span> <span class='ocrx_word' id='word_1_110' title='bbox 950 1961 1108 2042; x_wconf 82' lang='grc' dir='ltr'><em>κεφάλαια</em></span> <span class='ocrx_word' id='word_1_111' title='bbox 1132 1962 1151 2023; x_wconf 86' lang='grc' dir='ltr'>ὁ</span> <span class='ocrx_word' id='word_1_112' title='bbox 1173 1962 1268 2043; x_wconf 86' lang='grc' dir='ltr'><em>λόγος</em></span> <span class='ocrx_word' id='word_1_113' title='bbox 1283 1962 1429 2042; x_wconf 77' lang='grc' dir='ltr'><em>γινέσθω,</em></span> 
     </span>
     <span class='ocr_line' id='line_1_16' title="bbox 308 2061 1429 2151; baseline 0.005 -25"><span class='ocrx_word' id='word_1_114' title='bbox 308 2062 429 2148; x_wconf 87' lang='lat' dir='ltr'><strong>quibus</strong></span> <span class='ocrx_word' id='word_1_115' title='bbox 452 2061 506 2128; x_wconf 92' lang='lat' dir='ltr'><strong>hic</strong></span> <span class='ocrx_word' id='word_1_116' title='bbox 521 2061 615 2128; x_wconf 86' lang='lat' dir='ltr'><strong>locus</strong></span> <span class='ocrx_word' id='word_1_117' title='bbox 638 2062 870 2146; x_wconf 90' lang='lat' dir='ltr'><strong>adiungendus</strong></span> <span class='ocrx_word' id='word_1_118' title='bbox 894 2067 948 2130; x_wconf 86' lang='lat' dir='ltr'><strong>est</strong></span> <span class='ocrx_word' id='word_1_119' title='bbox 972 2066 1119 2151; x_wconf 78' lang='lat'><strong>(160,2):</strong></span> <span class='ocrx_word' id='word_1_120' title='bbox 1144 2069 1184 2132; x_wconf 84' lang='grc' dir='ltr'><strong>οὐ</strong></span> <span class='ocrx_word' id='word_1_121' title='bbox 1209 2116 1238 2132; x_wconf 93' lang='grc'><strong>..</strong></span> <span class='ocrx_word' id='word_1_122' title='bbox 1263 2068 1372 2132; x_wconf 81' lang='grc' dir='ltr'><em>ἱκανὸν</em></span> <span class='ocrx_word' id='word_1_123' title='bbox 1394 2068 1429 2132; x_wconf 86' lang='grc' dir='ltr'><strong>τὸ</strong></span> 
     </span>
     <span class='ocr_line' id='line_1_17' title="bbox 308 2171 1429 2260; baseline 0.004 -26"><span class='ocrx_word' id='word_1_124' title='bbox 308 2171 417 2234; x_wconf 80' lang='grc' dir='ltr'><em>διελεῖν</em></span> <span class='ocrx_word' id='word_1_125' title='bbox 439 2171 541 2252; x_wconf 85' lang='grc' dir='ltr'><em>μόνον</em></span> <span class='ocrx_word' id='word_1_126' title='bbox 564 2171 686 2260; x_wconf 75' lang='grc' dir='ltr'><em>εἰδέναι,</em></span> <span class='ocrx_word' id='word_1_127' title='bbox 710 2172 789 2254; x_wconf 88' lang='grc' dir='ltr'><em>ὅπερ</em></span> <span class='ocrx_word' id='word_1_128' title='bbox 820 2173 874 2236; x_wconf 83' lang='grc' dir='ltr'><strong>καὶ</strong></span> <span class='ocrx_word' id='word_1_129' title='bbox 895 2173 998 2255; x_wconf 89' lang='grc' dir='ltr'><em>μόνον</em></span> <span class='ocrx_word' id='word_1_130' title='bbox 1020 2175 1104 2239; x_wconf 83' lang='grc' dir='ltr'><em>τουτὶ</em></span> <span class='ocrx_word' id='word_1_131' title='bbox 1133 2175 1168 2237; x_wconf 91' lang='grc' dir='ltr'><strong>τὸ</strong></span> <span class='ocrx_word' id='word_1_132' title='bbox 1191 2175 1312 2257; x_wconf 78' lang='grc' dir='ltr'><em>βιβλίον</em></span> <span class='ocrx_word' id='word_1_133' title='bbox 1335 2177 1429 2256; x_wconf 77' lang='grc' dir='ltr'><em>ἐπαγ-</em></span> 
     </span>
     <span class='ocr_line' id='line_1_18' title="bbox 307 2276 1430 2366; baseline 0.004 -27"><span class='ocrx_word' id='word_1_134' title='bbox 307 2276 449 2358; x_wconf 88' lang='grc' dir='ltr'><em>γέλλεται.</em></span> <span class='ocrx_word' id='word_1_135' title='bbox 496 2277 622 2361; x_wconf 80' lang='lat' dir='ltr'><strong>Itaque·</strong></span> <span class='ocrx_word' id='word_1_136' title='bbox 637 2278 814 2363; x_wconf 87' lang='lat' dir='ltr'><strong>praecipue</strong></span> <span class='ocrx_word' id='word_1_137' title='bbox 838 2299 893 2343; x_wconf 89' lang='lat' dir='ltr'><strong>ars</strong></span> <span class='ocrx_word' id='word_1_138' title='bbox 916 2279 1083 2365; x_wconf 86' lang='lat' dir='ltr'><strong>partiendi</strong></span> <span class='ocrx_word' id='word_1_139' title='bbox 1107 2301 1205 2346; x_wconf 88' lang='lat' dir='ltr'><strong>curae</strong></span> <span class='ocrx_word' id='word_1_140' title='bbox 1229 2281 1259 2345; x_wconf 95' lang='lat' dir='ltr'><strong>ei</strong></span> <span class='ocrx_word' id='word_1_141' title='bbox 1283 2284 1365 2366; x_wconf 87' lang='lat' dir='ltr'><strong>erat,</strong></span> <span class='ocrx_word' id='word_1_142' title='bbox 1396 2279 1430 2345; x_wconf 92' lang='lat' dir='ltr'><strong>id</strong></span> 
     </span>
     <span class='ocr_line' id='line_1_19' title="bbox 307 2381 1430 2473; baseline 0.006 -28"><span class='ocrx_word' id='word_1_143' title='bbox 307 2381 395 2466; x_wconf 94' lang='lat' dir='ltr'><strong>quod</strong></span> <span class='ocrx_word' id='word_1_144' title='bbox 420 2383 612 2468; x_wconf 88' lang='lat' dir='ltr'><strong>ceteroquin</strong></span> <span class='ocrx_word' id='word_1_145' title='bbox 637 2405 711 2450; x_wconf 90' lang='lat' dir='ltr'><strong>eum</strong></span> <span class='ocrx_word' id='word_1_146' title='bbox 734 2387 809 2451; x_wconf 86' lang='lat' dir='ltr'><strong>tota</strong></span> <span class='ocrx_word' id='word_1_147' title='bbox 833 2384 1002 2453; x_wconf 87' lang='lat' dir='ltr'><strong>doctrinae</strong></span> <span class='ocrx_word' id='word_1_148' title='bbox 1027 2387 1253 2473; x_wconf 85' lang='lat' dir='ltr'><strong>descriptione,</strong></span> <span class='ocrx_word' id='word_1_149' title='bbox 1281 2391 1355 2452; x_wconf 91' lang='lat' dir='ltr'><strong>tum</strong></span> <span class='ocrx_word' id='word_1_150' title='bbox 1376 2386 1430 2452; x_wconf 86' lang='lat' dir='ltr'><strong>hie</strong></span> 
     </span>
     <span class='ocr_line' id='line_1_20' title="bbox 306 2487 521 2575; baseline 0.009 -23"><span class='ocrx_word' id='word_1_151' title='bbox 306 2487 387 2552; x_wconf 90' lang='lat' dir='ltr'><strong>locis</strong></span> <span class='ocrx_word' id='word_1_152' title='bbox 410 2491 521 2575; x_wconf 85' lang='lat' dir='ltr'><strong>patet:</strong></span> 
     </span>
    </p>

    <p class='ocr_par' dir='ltr' id='par_1_3' title="bbox 305 2595 1431 2793">
     <span class='ocr_line' id='line_1_21' title="bbox 399 2595 1431 2685; baseline 0.008 -25"><span class='ocrx_word' id='word_1_153' title='bbox 399 2595 471 2677; x_wconf 89' lang='lat'><strong>133,</strong></span> <span class='ocrx_word' id='word_1_154' title='bbox 485 2596 544 2662; x_wconf 82' lang='lat'><strong>23:</strong></span> <span class='ocrx_word' id='word_1_155' title='bbox 569 2647 576 2662; x_wconf 90' lang='lat'>.</span> <span class='ocrx_word' id='word_1_156' title='bbox 601 2649 607 2662; x_wconf 95' lang='lat'><em>.</em></span> <span class='ocrx_word' id='word_1_157' title='bbox 632 2648 638 2662; x_wconf 94' lang='lat'>.</span> <span class='ocrx_word' id='word_1_158' title='bbox 663 2600 775 2682; x_wconf 85' lang='grc' dir='ltr'><em>ῥᾴδιον</em></span> <span class='ocrx_word' id='word_1_159' title='bbox 798 2601 860 2683; x_wconf 83' lang='grc' dir='ltr'><strong>ἤδη</strong></span> <span class='ocrx_word' id='word_1_160' title='bbox 884 2601 939 2672; x_wconf 86' lang='grc' dir='ltr'><strong>τὰς</strong></span> <span class='ocrx_word' id='word_1_161' title='bbox 963 2603 1126 2685; x_wconf 81' lang='grc' dir='ltr'><em>διαιρέσεις</em></span> <span class='ocrx_word' id='word_1_162' title='bbox 1154 2603 1288 2668; x_wconf 87' lang='grc' dir='ltr'><em>συνιδεῖν</em></span> <span class='ocrx_word' id='word_1_163' title='bbox 1309 2601 1365 2674; x_wconf 84' lang='grc' dir='ltr'><strong>τὰς</strong></span> <span class='ocrx_word' id='word_1_164' title='bbox 1388 2605 1431 2674; x_wconf 84' lang='grc' dir='ltr'><strong>εἰς</strong></span> 
     </span>
     <span class='ocr_line' id='line_1_22' title="bbox 305 2703 1430 2793; baseline 0.009 -27"><span class='ocrx_word' id='word_1_165' title='bbox 305 2703 342 2776; x_wconf 86' lang='grc' dir='ltr'><strong>τὰ</strong></span> <span class='ocrx_word' id='word_1_166' title='bbox 366 2705 521 2786; x_wconf 83' lang='grc' dir='ltr'><em>κεφάλαια</em></span> <span class='ocrx_word' id='word_1_167' title='bbox 537 2711 601 2768; x_wconf 83' lang='grc' dir='ltr'><strong>τῶν</strong></span> <span class='ocrx_word' id='word_1_168' title='bbox 618 2707 814 2789; x_wconf 82' lang='grc' dir='ltr'><em>ζητημάτων,</em></span> <span class='ocrx_word' id='word_1_169' title='bbox 837 2709 892 2771; x_wconf 82' lang='grc' dir='ltr'><strong>καὶ</strong></span> <span class='ocrx_word' id='word_1_170' title='bbox 907 2710 966 2772; x_wconf 87' lang='grc' dir='ltr'><strong>ὅσα</strong></span> <span class='ocrx_word' id='word_1_171' title='bbox 983 2709 1067 2780; x_wconf 88' lang='grc' dir='ltr'><em>ὅλως</em></span> <span class='ocrx_word' id='word_1_172' title='bbox 1083 2709 1270 2793; x_wconf 71' lang='grc' dir='ltr'><em>διαιρεῖσθαι</em></span> <span class='ocrx_word' id='word_1_173' title='bbox 1294 2711 1430 2776; x_wconf 88' lang='grc' dir='ltr'><em>δύναται.</em></span> 
     </span>
    </p>

    <p class='ocr_par' dir='ltr' id='par_1_4' title="bbox 401 2801 1431 2900">
     <span class='ocr_line' id='line_1_23' title="bbox 401 2801 1431 2900; baseline 0.009 -28"><span class='ocrx_word' id='word_1_174' title='bbox 401 2809 546 2892; x_wconf 81' lang='grc'><strong>135,17;</strong></span> <span class='ocrx_word' id='word_1_175' title='bbox 570 2812 661 2876; x_wconf 82' lang='grc' dir='ltr'><em>Μετὰ</em></span> <span class='ocrx_word' id='word_1_176' title='bbox 684 2821 780 2878; x_wconf 86' lang='grc' dir='ltr'><em>ταῦτα</em></span> <span class='ocrx_word' id='word_1_177' title='bbox 802 2817 907 2879; x_wconf 84' lang='grc' dir='ltr'><em>τοίνυν</em></span> <span class='ocrx_word' id='word_1_178' title='bbox 930 2801 1010 2879; x_wconf 77' lang='grc' dir='ltr'><em>ἔστιν</em></span> <span class='ocrx_word' id='word_1_179' title='bbox 1033 2818 1068 2890; x_wconf 83' lang='grc' dir='ltr'><strong>ἐξ</strong></span> <span class='ocrx_word' id='word_1_180' title='bbox 1087 2819 1194 2881; x_wconf 80' lang='grc' dir='ltr'><em>αὐτῶν</em></span> <span class='ocrx_word' id='word_1_181' title='bbox 1210 2819 1379 2900; x_wconf 82' lang='grc' dir='ltr'><em>ἐπιγνῶναι</em></span> <span class='ocrx_word' id='word_1_182' title='bbox 1393 2821 1431 2882; x_wconf 90' lang='grc' dir='ltr'><strong>τά</strong></span> 
     </span>
    </p>
   </div>
   <div class='ocr_carea' id='block_1_3' title="bbox 209 2920 1318 3007">
    <p class='ocr_par' dir='ltr' id='par_1_5' title="bbox 209 2920 1318 3007">
     <span class='ocr_line' id='line_1_24' title="bbox 209 2920 1318 3007; baseline 0.009 -29"><span class='ocrx_word' id='word_1_183' title='bbox 209 2977 213 2984; x_wconf 33' lang='lat' dir='ltr'><strong><em>J</em></strong></span> <span class='ocrx_word' id='word_1_184' title='bbox 306 2941 338 2980; x_wconf 89' lang='grc' dir='ltr'><strong>τε</strong></span> <span class='ocrx_word' id='word_1_185' title='bbox 362 2923 538 2981; x_wconf 73' lang='grc' dir='ltr'><em>συνεστῶτα</em></span> <span class='ocrx_word' id='word_1_186' title='bbox 562 2920 616 2982; x_wconf 86' lang='grc' dir='ltr'><strong>καὶ</strong></span> <span class='ocrx_word' id='word_1_187' title='bbox 640 2920 826 3002; x_wconf 84' lang='grc' dir='ltr'><em>διαιρεῖσδαι</em></span> <span class='ocrx_word' id='word_1_188' title='bbox 850 2923 1010 3005; x_wconf 81' lang='grc' dir='ltr'><em>δυνάμενα</em></span> <span class='ocrx_word' id='word_1_189' title='bbox 1033 2929 1097 2988; x_wconf 85' lang='grc' dir='ltr'><strong>τῶν</strong></span> <span class='ocrx_word' id='word_1_190' title='bbox 1121 2926 1318 3007; x_wconf 82' lang='grc' dir='ltr'><em>ζητημάτων.</em></span> 
     </span>
    </p>
   </div>
   <div class='ocr_carea' id='block_1_4' title="bbox 306 3022 1432 3648">
    <p class='ocr_par' dir='ltr' id='par_1_6' title="bbox 306 3022 1432 3327">
     <span class='ocr_line' id='line_1_25' title="bbox 399 3022 1430 3116; baseline 0.009 -28"><span class='ocrx_word' id='word_1_191' title='bbox 399 3022 472 3102; x_wconf 84' lang='grc'><strong>137,</strong></span> <span class='ocrx_word' id='word_1_192' title='bbox 486 3024 545 3091; x_wconf 81' lang='lat'><strong>27:</strong></span> <span class='ocrx_word' id='word_1_193' title='bbox 571 3028 721 3110; x_wconf 85' lang='grc' dir='ltr'><em>διαιρήσει</em></span> <span class='ocrx_word' id='word_1_194' title='bbox 748 3031 852 3093; x_wconf 91' lang='grc' dir='ltr'><em>τοίνυν</em></span> <span class='ocrx_word' id='word_1_195' title='bbox 880 3030 992 3112; x_wconf 81' lang='grc' dir='ltr'><em>ὀρδῶς</em></span> <span class='ocrx_word' id='word_1_196' title='bbox 1019 3032 1038 3094; x_wconf 88' lang='grc' dir='ltr'>ὁ</span> <span class='ocrx_word' id='word_1_197' title='bbox 1060 3033 1116 3114; x_wconf 84' lang='grc' dir='ltr'><strong>τήν</strong></span> <span class='ocrx_word' id='word_1_198' title='bbox 1135 3056 1171 3094; x_wconf 69' lang='grc' dir='ltr'><strong>,τε</strong></span> <span class='ocrx_word' id='word_1_199' title='bbox 1195 3031 1354 3116; x_wconf 82' lang='grc' dir='ltr'><em>διαφοράν</em></span> <span class='ocrx_word' id='word_1_200' title='bbox 1376 3033 1430 3098; x_wconf 77' lang='grc' dir='ltr'><strong>καί</strong></span> 
     </span>
     <span class='ocr_line' id='line_1_26' title="bbox 306 3131 1432 3221; baseline 0.009 -27"><span class='ocrx_word' id='word_1_201' title='bbox 306 3131 362 3213; x_wconf 85' lang='grc' dir='ltr'><strong>τὴν</strong></span> <span class='ocrx_word' id='word_1_202' title='bbox 394 3131 528 3215; x_wconf 89' lang='grc' dir='ltr'><em>δύναμιν</em></span> <span class='ocrx_word' id='word_1_203' title='bbox 558 3140 622 3198; x_wconf 82' lang='grc' dir='ltr'><strong>τῶν</strong></span> <span class='ocrx_word' id='word_1_204' title='bbox 651 3159 684 3198; x_wconf 88' lang='grc' dir='ltr'><strong>τε</strong></span> <span class='ocrx_word' id='word_1_205' title='bbox 713 3137 900 3218; x_wconf 79' lang='grc' dir='ltr'><em>προσώπων</em></span> <span class='ocrx_word' id='word_1_206' title='bbox 930 3136 984 3199; x_wconf 82' lang='grc' dir='ltr'><strong>καὶ</strong></span> <span class='ocrx_word' id='word_1_207' title='bbox 1006 3144 1070 3201; x_wconf 83' lang='grc' dir='ltr'><strong>τῶν</strong></span> <span class='ocrx_word' id='word_1_208' title='bbox 1093 3140 1290 3221; x_wconf 78' lang='grc' dir='ltr'><em>πραγμάτων</em></span> <span class='ocrx_word' id='word_1_209' title='bbox 1312 3139 1366 3204; x_wconf 77' lang='grc' dir='ltr'><strong>καὶ</strong></span> <span class='ocrx_word' id='word_1_210' title='bbox 1390 3143 1432 3204; x_wconf 79' lang='grc' dir='ltr'><em>ἔτι</em></span> 
     </span>
     <span class='ocr_line' id='line_1_27' title="bbox 306 3239 1279 3327; baseline 0.009 -26"><span class='ocrx_word' id='word_1_211' title='bbox 306 3239 362 3320; x_wconf 79' lang='grc' dir='ltr'><strong>τὴν</strong></span> <span class='ocrx_word' id='word_1_212' title='bbox 385 3239 558 3322; x_wconf 79' lang='grc' dir='ltr'><em>λεγομένην</em></span> <span class='ocrx_word' id='word_1_213' title='bbox 581 3243 686 3307; x_wconf 89' lang='grc' dir='ltr'><em>στάσιν</em></span> <span class='ocrx_word' id='word_1_214' title='bbox 709 3241 853 3323; x_wconf 81' lang='grc' dir='ltr'><em>ἐπιγνοὺς</em></span> <span class='ocrx_word' id='word_1_215' title='bbox 876 3249 930 3306; x_wconf 84' lang='grc' dir='ltr'><strong>τοῦ</strong></span> <span class='ocrx_word' id='word_1_216' title='bbox 955 3246 1140 3327; x_wconf 86' lang='grc' dir='ltr'><em>ζητήματος.</em></span> <span class='ocrx_word' id='word_1_217' title='bbox 1278 3258 1279 3261; x_wconf 75' lang='grc'>’</span> 
     </span>
    </p>

    <p class='ocr_par' dir='ltr' id='par_1_7' title="bbox 400 3345 1430 3437">
     <span class='ocr_line' id='line_1_28' title="bbox 400 3345 1430 3437; baseline 0.01 -30"><span class='ocrx_word' id='word_1_218' title='bbox 400 3345 472 3426; x_wconf 85' lang='grc'><strong>165,</strong></span> <span class='ocrx_word' id='word_1_219' title='bbox 486 3346 544 3412; x_wconf 86' lang='lat'><strong>23:</strong></span> <span class='ocrx_word' id='word_1_220' title='bbox 568 3348 624 3429; x_wconf 82' lang='grc' dir='ltr'><strong>τὴν</strong></span> <span class='ocrx_word' id='word_1_221' title='bbox 648 3397 654 3410; x_wconf 94' lang='grc'>.</span> <span class='ocrx_word' id='word_1_222' title='bbox 679 3397 685 3410; x_wconf 94' lang='grc'><strong>.</strong></span> <span class='ocrx_word' id='word_1_223' title='bbox 710 3348 788 3411; x_wconf 89' lang='grc' dir='ltr'><em>ὁδδν</em></span> <span class='ocrx_word' id='word_1_224' title='bbox 819 3351 838 3431; x_wconf 83' lang='grc' dir='ltr'>ἡ</span> <span class='ocrx_word' id='word_1_225' title='bbox 865 3351 956 3433; x_wconf 86' lang='grc' dir='ltr'><em>τέχνη</em></span> <span class='ocrx_word' id='word_1_226' title='bbox 989 3351 1125 3415; x_wconf 85' lang='grc' dir='ltr'><em>δείκνυσι</em></span> <span class='ocrx_word' id='word_1_227' title='bbox 1154 3359 1210 3436; x_wconf 81' lang='grc' dir='ltr'><strong>τῆς</strong></span> <span class='ocrx_word' id='word_1_228' title='bbox 1240 3354 1430 3437; x_wconf 83' lang='grc' dir='ltr'><em>διαιρέσεως.</em></span> 
     </span>
    </p>

    <p class='ocr_par' dir='ltr' id='par_1_8' title="bbox 308 3450 1432 3648">
     <span class='ocr_line' id='line_1_29' title="bbox 399 3450 1432 3544; baseline 0.012 -31"><span class='ocrx_word' id='word_1_229' title='bbox 399 3450 499 3515; x_wconf 90' lang='lat' dir='ltr'><strong>Porro</strong></span> <span class='ocrx_word' id='word_1_230' title='bbox 531 3452 566 3517; x_wconf 94' lang='lat' dir='ltr'><strong>hi</strong></span> <span class='ocrx_word' id='word_1_231' title='bbox 597 3451 660 3518; x_wconf 85' lang='lat' dir='ltr'><strong>loci</strong></span> <span class='ocrx_word' id='word_1_232' title='bbox 692 3453 888 3538; x_wconf 91' lang='lat' dir='ltr'><strong>respiciendi</strong></span> <span class='ocrx_word' id='word_1_233' title='bbox 923 3458 1012 3539; x_wconf 85' lang='lat' dir='ltr'><strong>sunt,</strong></span> <span class='ocrx_word' id='word_1_234' title='bbox 1049 3457 1179 3542; x_wconf 89' lang='lat' dir='ltr'><strong>quibus,</strong></span> <span class='ocrx_word' id='word_1_235' title='bbox 1217 3457 1306 3544; x_wconf 93' lang='lat' dir='ltr'><strong>quod</strong></span> <span class='ocrx_word' id='word_1_236' title='bbox 1339 3458 1432 3525; x_wconf 91' lang='lat' dir='ltr'><strong>haud</strong></span> 
     </span>
     <span class='ocr_line' id='line_1_30' title="bbox 308 3557 1430 3648; baseline 0.01 -26"><span class='ocrx_word' id='word_1_237' title='bbox 308 3577 417 3643; x_wconf 89' lang='lat' dir='ltr'><strong>pauca</strong></span> <span class='ocrx_word' id='word_1_238' title='bbox 450 3557 641 3643; x_wconf 87' lang='lat' dir='ltr'><strong>partitionis</strong></span> <span class='ocrx_word' id='word_1_239' title='bbox 676 3560 826 3626; x_wconf 89' lang='lat' dir='ltr'><strong>membra</strong></span> <span class='ocrx_word' id='word_1_240' title='bbox 861 3563 993 3643; x_wconf 86' lang='lat' dir='ltr'><strong>omittit,</strong></span> <span class='ocrx_word' id='word_1_241' title='bbox 1031 3584 1117 3648; x_wconf 89' lang='lat' dir='ltr'><strong>quae</strong></span> <span class='ocrx_word' id='word_1_242' title='bbox 1153 3567 1225 3631; x_wconf 88' lang='lat' dir='ltr'><strong>eius</strong></span> <span class='ocrx_word' id='word_1_243' title='bbox 1260 3570 1430 3632; x_wconf 86' lang='lat' dir='ltr'><strong>auctorem</strong></span> 
     </span>
    </p>
   </div>
   <div class='ocr_carea' id='block_1_5' title="bbox 308 3665 1431 3836">
    <p class='ocr_par' dir='ltr' id='par_1_9' title="bbox 308 3665 1431 3836">
     <span class='ocr_line' id='line_1_31' title="bbox 308 3665 1431 3759; baseline 0.008 -30"><span class='ocrx_word' id='word_1_244' title='bbox 308 3684 523 3730; x_wconf 88' lang='lat' dir='ltr'><strong>enumerasse</strong></span> <span class='ocrx_word' id='word_1_245' title='bbox 546 3666 617 3730; x_wconf 88' lang='lat' dir='ltr'><strong>vari</strong></span> <span class='ocrx_word' id='word_1_246' title='bbox 648 3665 851 3733; x_wconf 87' lang='lat' dir='ltr'><strong>simillimum</strong></span> <span class='ocrx_word' id='word_1_247' title='bbox 884 3671 946 3752; x_wconf 89' lang='lat' dir='ltr'><strong>est,</strong></span> <span class='ocrx_word' id='word_1_248' title='bbox 978 3668 1169 3737; x_wconf 90' lang='lat' dir='ltr'><strong>huiusmodi</strong></span> <span class='ocrx_word' id='word_1_249' title='bbox 1192 3672 1302 3740; x_wconf 89' lang='lat' dir='ltr'><strong>verbis</strong></span> <span class='ocrx_word' id='word_1_250' title='bbox 1334 3673 1431 3759; x_wconf 90' lang='lat' dir='ltr'><strong>quasi</strong></span> 
     </span>
     <span class='ocr_line' id='line_1_32' title="bbox 310 3774 519 3836; baseline 0.01 -2"><span class='ocrx_word' id='word_1_251' title='bbox 310 3791 345 3834; x_wconf 89' lang='lat' dir='ltr'><strong>se</strong></span> <span class='ocrx_word' id='word_1_252' title='bbox 371 3774 519 3836; x_wconf 87' lang='lat' dir='ltr'><strong>excusat.</strong></span> 
     </span>
    </p>
   </div>
   <div class='ocr_carea' id='block_1_6' title="bbox 307 3878 1433 4289">
    <p class='ocr_par' dir='ltr' id='par_1_10' title="bbox 307 3878 1430 4076">
     <span class='ocr_line' id='line_1_33' title="bbox 399 3878 1430 3972; baseline 0.01 -30"><span class='ocrx_word' id='word_1_253' title='bbox 399 3878 471 3962; x_wconf 83' lang='lat'><strong>158,</strong></span> <span class='ocrx_word' id='word_1_254' title='bbox 485 3879 544 3944; x_wconf 81' lang='lat'><strong>23:</strong></span> <span class='ocrx_word' id='word_1_255' title='bbox 567 3883 653 3945; x_wconf 81' lang='grc' dir='ltr'><em>ταυτί</em></span> <span class='ocrx_word' id='word_1_256' title='bbox 677 3883 711 3946; x_wconf 82' lang='grc' dir='ltr'><strong>δὲ</strong></span> <span class='ocrx_word' id='word_1_257' title='bbox 735 3883 795 3965; x_wconf 79' lang='grc' dir='ltr'><strong>οὐχ</strong></span> <span class='ocrx_word' id='word_1_258' title='bbox 819 3885 865 3953; x_wconf 86' lang='grc' dir='ltr'><strong>ὡς</strong></span> <span class='ocrx_word' id='word_1_259' title='bbox 886 3884 1076 3967; x_wconf 87' lang='grc' dir='ltr'><em>διαιροῦντες</em></span> <span class='ocrx_word' id='word_1_260' title='bbox 1092 3889 1229 3969; x_wconf 81' lang='grc' dir='ltr'><em>εἴπομεν.</em></span> <span class='ocrx_word' id='word_1_261' title='bbox 1252 3887 1430 3972; x_wconf 82' lang='grc' dir='ltr'><em>πολλὰγὰρ</em></span> 
     </span>
     <span class='ocr_line' id='line_1_34' title="bbox 307 3989 1347 4076; baseline 0.011 -29"><span class='ocrx_word' id='word_1_262' title='bbox 307 3993 456 4068; x_wconf 82' lang='grc' dir='ltr'><em>παρεῖται,</em></span> <span class='ocrx_word' id='word_1_263' title='bbox 481 3989 627 4054; x_wconf 83' lang='grc' dir='ltr'><em>ἀλλ’ὅσον</em></span> <span class='ocrx_word' id='word_1_264' title='bbox 651 3990 848 4063; x_wconf 73' lang='grc' dir='ltr'><em>ἐνδείξασθαι</em></span> <span class='ocrx_word' id='word_1_265' title='bbox 870 3991 927 4072; x_wconf 82' lang='grc' dir='ltr'><strong>τὴν</strong></span> <span class='ocrx_word' id='word_1_266' title='bbox 951 3992 1132 4073; x_wconf 82' lang='grc' dir='ltr'><em>φύσιντῶν</em></span> <span class='ocrx_word' id='word_1_267' title='bbox 1155 3995 1347 4076; x_wconf 85' lang='grc' dir='ltr'><em>κεφαλαίων.</em></span> 
     </span>
    </p>

    <p class='ocr_par' dir='ltr' id='par_1_11' title="bbox 307 4092 1433 4289">
     <span class='ocr_line' id='line_1_35' title="bbox 400 4092 1433 4183; baseline 0.009 -25"><span class='ocrx_word' id='word_1_268' title='bbox 400 4092 471 4176; x_wconf 85' lang='grc'><strong>165,</strong></span> <span class='ocrx_word' id='word_1_269' title='bbox 489 4093 544 4160; x_wconf 64' lang='grc'><strong>191</strong></span> <span class='ocrx_word' id='word_1_270' title='bbox 568 4097 659 4180; x_wconf 72' lang='grc' dir='ltr'><em>ἀλλ’ἢ</em></span> <span class='ocrx_word' id='word_1_271' title='bbox 675 4121 710 4179; x_wconf 91' lang='grc' dir='ltr'><strong>γε</strong></span> <span class='ocrx_word' id='word_1_272' title='bbox 726 4097 872 4180; x_wconf 88' lang='grc' dir='ltr'><em>διαίρεσις</em></span> <span class='ocrx_word' id='word_1_273' title='bbox 888 4099 1017 4172; x_wconf 85' lang='grc' dir='ltr'><em>ἀπαιτεῖ,</em></span> <span class='ocrx_word' id='word_1_274' title='bbox 1042 4100 1228 4183; x_wconf 72' lang='grc' dir='ltr'><em>θαυμαστὸν</em></span> <span class='ocrx_word' id='word_1_275' title='bbox 1245 4102 1433 4166; x_wconf 66' lang='lat' dir='ltr'><strong>decederet</strong></span> 
     </span>
     <span class='ocr_line' id='line_1_36' title="bbox 307 4204 1430 4289; baseline 0.011 -28"><span class='ocrx_word' id='word_1_276' title='bbox 307 4208 457 4282; x_wconf 85' lang='grc' dir='ltr'><em>παρεῖται,</em></span> <span class='ocrx_word' id='word_1_277' title='bbox 482 4204 546 4265; x_wconf 80' lang='grc' dir='ltr'><em>ἐπεὶ</em></span> <span class='ocrx_word' id='word_1_278' title='bbox 569 4205 622 4266; x_wconf 86' lang='grc' dir='ltr'><strong>καὶ</strong></span> <span class='ocrx_word' id='word_1_279' title='bbox 644 4211 709 4268; x_wconf 85' lang='grc' dir='ltr'><strong>τῶν</strong></span> <span class='ocrx_word' id='word_1_280' title='bbox 732 4205 837 4268; x_wconf 81' lang='grc' dir='ltr'><em>ἄλλων</em></span> <span class='ocrx_word' id='word_1_281' title='bbox 859 4207 1042 4287; x_wconf 84' lang='grc' dir='ltr'><em>κεφαλαίων</em></span> <span class='ocrx_word' id='word_1_282' title='bbox 1064 4207 1130 4271; x_wconf 87' lang='grc' dir='ltr'><em>τινά</em></span> <span class='ocrx_word' id='word_1_283' title='bbox 1154 4210 1285 4289; x_wconf 83' lang='grc' dir='ltr'><em>ἔγκειται</em></span> <span class='ocrx_word' id='word_1_284' title='bbox 1300 4210 1354 4272; x_wconf 84' lang='grc' dir='ltr'><strong>καὶ</strong></span> <span class='ocrx_word' id='word_1_285' title='bbox 1368 4233 1430 4273; x_wconf 85' lang='grc' dir='ltr'><em>ιτα-</em></span> 
     </span>
    </p>
   </div>
   <div class='ocr_carea' id='block_1_7' title="bbox 0 0 1616 5044">
    <p class='ocr_par' dir='ltr' id='par_1_12' title="bbox 0 0 1616 5044">
     <span class='ocr_line' id='line_1_37' title="bbox 0 0 1616 5044; baseline 0 0"><span class='ocrx_word' id='word_1_286' title='bbox 0 0 1616 5044; x_wconf 95' lang='lat' dir='ltr'><strong> </strong></span> 
     </span>
    </p>
   </div>
  </div>
 </body>
</html>
