3198 5054
618 445 839 510 491„

169 625 282 690 vooati
304 624 544 710 interpretatus
569 626 629 706 est,
661 623 778 707 ineis,
812 643 897 708 quae
922 624 1117 709 sequuntur,
1150 621 1291 687 eandem

170 735 304 815 συνέχον
334 730 515 817 appellat1)
549 734 583 796 et
614 734 711 796 αἴτιθγ
741 749 880 795 causam
911 728 1031 810 iudicii,
1061 729 1080 794 i.
1102 750 1128 794 θ.
1161 729 1291 794 lacinus

171 838 298 904 crimini
321 838 439 903 datum
461 836 610 920 intellegi
626 837 710 920 vult,
736 841 774 902 ut
797 837 841 902 ab
864 835 1052 902 intentione
1069 835 1292 924 (xazoudoetll)

170 944 252 1010 nihil
275 945 414 1011 diflerat.
461 944 553 1026 Quae
578 945 657 1030 quin
680 943 803 1010 menda
827 942 979 1009 devitata
1003 945 1125 1026 essent,
1158 943 1186 1007 si
1208 941 1293 1014 Her,-

171 1073 328 1135 magorae
352 1073 407 1117 ars
431 1055 510 1118 ante
536 1051 648 1117 oculos
672 1052 800 1131 luisset,
833 1071 931 1116 nemo
964 1049 1176 1116 dubitaverit.
1223 1051 1293 1116 lta-

172 1181 236 1244 que
261 1181 304 1225 ex
328 1180 369 1224 ea
384 1158 611 1242 Augustinum
634 1179 702 1224 non
717 1158 871 1224 hausisse
896 1156 1114 1223 manifestum
1139 1159 1200 1222 est.
1234 1155 1295 1222 cui

173 1268 288 1331 autem
319 1268 499 1352 praecepta
528 1265 693 1331 rhetorica
721 1265 932 1348 Augustinus
964 1263 1097 1346 debeat,
1130 1284 1188 1349 per
1219 1283 1296 1329 eum

172 1373 282 1458 ipsum
321 1373 567 1455 cognoscimus3
607 1373 731 1438 etenim
766 1393 796 1458 p.
814 1371 888 1456 146,
902 1371 945 1436 26
981 1371 1204 1457 praeceptoris
1244 1369 1296 1434 sui

173 1479 378 1545 mentionem
397 1479 485 1545 fecit.
532 1478 639 1559 Quam
663 1479 705 1544 ob
728 1499 798 1544 rem
821 1479 969 1546 conicere
992 1478 1070 1543 licet
1093 1477 1183 1542 hunc
1205 1479 1296 1542 trao-

172 1589 294 1669 tatum,
320 1586 360 1651 de
384 1607 449 1672 quo
474 1587 613 1670 agimus,
638 1586 719 1652 item
742 1589 781 1650 ut
801 1585 966 1651 Ciceronis
989 1583 1090 1650 libros
1114 1583 1296 1649 rhetoricos

175 1715 249 1760 esse
273 1695 420 1776 σχολικὸν
442 1696 627 1778 ὑπόμνημα.
666 1692 820 1758 Ceterum
836 1692 898 1776 his,
924 1690 1296 1778 quosbenenove1it‚³)

175 1800 401 1883 Augustinum
438 1799 473 1865 in
508 1799 564 1866 illo
603 1821 671 1866 non
711 1821 785 1866 esse
824 1820 932 1882 usum,
952 1822 955 1828 ·
972 1799 1145 1884 utriusque
1185 1795 1297 1882 scripti

176 1905 443 1972 dissimilitudine
468 1910 620 1992 apertum
644 1909 704 1973 est.

266 2032 403 2096 Praeter
431 2031 493 2096 hos
524 2035 592 2097 tres
624 2035 786 2114 auctores
819 2052 959 2118 quorum
990 2029 1091 2095 fidem
1125 2030 1297 2095 examina-

177 2140 296 2221 vimus
321 2139 536 2224 comparandi
560 2140 639 2205 sunt
654 2139 729 2227 libri
753 2138 795 2205 ad
811 2138 1026 2222 Herennium,
1052 2135 1297 2217 Fortunatiani,

176 2246 256 2311 Julii
290 2245 448 2327 Victoris,
490 2244 642 2312 nonnulli
684 2247 747 2312 loci
785 2245 1003 2329 Hermogenis
1042 2243 1299 2310 scholiastarum

179 2353 300 2439 aliique
325 2353 431 2438 pauci.
1241 2370 1242 2376 ¹

268 2461 317 2526 Ac
348 2459 489 2545 primum
522 2460 655 2545 quidem
679 2481 765 2546 quae
797 2461 936 2545 scriptor
967 2457 1009 2523 ad
1032 2456 1236 2523 Herennium
1260 2454 1300 2520 de

179 2566 477 2633 constitutionibus
513 2566 660 2649 tradidit,
697 2567 739 2632 ab
773 2566 873 2631 huius
905 2565 1074 2630 doctrinae
1108 2585 1148 2629 ea
1182 2563 1300 2646 forma,

180 2695 267 2760 quae
291 2695 309 2739 θ
338 2693 504 2738 consensu
532 2673 671 2739 aliorum
700 2677 874 2739 auctorum
898 2674 1122 2755 Hermagorea
1149 2668 1303 2735 ducenda

182 2784 243 2865 est,
269 2800 375 2864 usque
400 2777 735 2866 adeo'disorepanr,⁴)
759 2783 799 2845 ut
814 2801 921 2866 paene
938 2800 1006 2845 non
1022 2779 1067 2844 sit
1082 2775 1301 2864 spectandus;

180 2907 307 2974 paucos
330 2885 420 2951 locos
443 2886 478 2951 in
503 2889 783 2973 comparationem
808 2887 1014 2952 vocabimus.

273 3126 290 3192 ¹l
310 3140 336 3193 p.
353 3124 410 3188 144,
421 3120 467 3175 30;
489 3121 624 3186 ὑπεῖχον,
644 3119 672 3173 id
685 3121 729 3172 θεῖ
742 3117 897 3183 continens,
918 3119 970 3181 est,
985 3116 1060 3186 quod
1073 3115 1109 3169 ad
1121 3115 1305 3169 refutandum

182 3213 276 3275 αἰτιον,
301 3214 330 3266 id
356 3216 400 3267 est
425 3211 461 3266 ad
485 3208 668 3264 refellendam
694 3223 810 3262 causam
828 3207 940 3260 videtur
959 3205 1070 3269 adferri,
1096 3207 1130 3257 ut
1149 3205 1192 3257 est
1210 3203 1304 3256 inhac

142 3307 144 3310 ’
182 3303 315 3356 materia:
343 3302 475 3366 ,Militem
502 3299 549 3370 qui
572 3299 716 3352 iuraverat
735 3314 766 3352 se
785 3297 968 3360 deserturum,
984 3295 1136 3364 imperator
1154 3291 1257 3346 occidit
1276 3293 1306 3346 et

182 3408 247 3446 reus
266 3392 302 3445 fit
321 3391 434 3446 caedis*
464 3389 517 3443 Hic
530 3388 604 3442 enim
617 3387 703 3438 αἰτιον
716 3388 767 3451 θεῖ,
787 3385 815 3439 id
828 3387 872 3439 est
884 3401 971 3439 causa
982 3382 1085 3447 iudicii,
1100 3381 1175 3453 quod
1189 3380 1304 3446 occidit;

183 3497 275 3552 neque
294 3481 368 3535 enim
385 3480 469 3534 fieret
485 3495 557 3542 reus,
577 3477 632 3531 nisi
650 3475 813 3531 occidisset:
839 3475 943 3540 συνέχον
961 3478 1012 3538 θεῖ,
1038 3472 1130 3526 idest
1149 3471 1305 3535 continens,

183 3571 221 3635 id,
246 3572 362 3640 propter
381 3569 456 3641 quod
475 3567 609 3621 occidisse
628 3583 659 3620 se
679 3564 757 3629 dixit,
782 3563 977 3618 iusiurandum
995 3562 1104 3617 scilieet
1121 3559 1225 3624 militis,
1250 3575 1305 3631 quo

186 3660 364 3714 deserturum
382 3675 414 3713 se
433 3673 494 3711 esse
512 3656 663 3709 iuraverat.
701 3653 762 3707 Hoc
780 3653 922 3706 interdum
941 3653 1044 3717 συνέχον
1062 3650 1258 3717 Hermagoras,
1277 3648 1307 3701 id

186 3751 231 3803 est
249 3748 407 3812 continens,
426 3745 559 3816 appellat,
580 3745 616 3798 ab
636 3760 678 3808 eo,
706 3743 782 3814 quod
803 3742 894 3796 omnis
912 3740 951 3794 rei
972 3739 1099 3793 defensio
1119 3737 1221 3792 abillo
1241 3753 1306 3790 con·

185 3839 317 3902 lineatur,
338 3879 344 3890 .
365 3878 370 3890 .
391 3858 413 3891 .‹
833 3849 836 3854 ·

275 3925 296 3996 2)
316 3942 343 3996 p.
358 3924 417 3989 143,
424 3925 473 3978 28:
496 3922 686 3992 ›Gataphasin
702 3963 708 3976 .
723 3963 729 3976 .
742 3920 929 3998 intentionem
941 3919 1027 3972 verbo
1039 3916 1148 3971 factam
1157 3929 1307 3985 possumus

187 4017 287 4080 dicere,
313 4015 343 4068 id
369 4017 412 4068 θεῖ
438 4013 562 4077 verbum,
587 4028 641 4083 quo
661 4011 765 4065 crimen
783 4007 947 4073 intenditur,
966 4006 1068 4061 veluti:
1089 4002 1225 4075 ,pulsasti
1244 4018 1307 4072 pro·

187 4105 291 4169 didisti,
312 4103 475 4159 occidisti.¹‹

277 4196 298 4263 ³)
317 4193 350 4247 V.
369 4192 529 4262 Haelingkii
548 4193 698 4246 comment.
718 4190 746 4243 in
766 4189 832 4242 hon.
852 4187 884 4241 G.
905 4185 1091 4242 Studemundi
1109 4200 1135 4254 p.
1149 4181 1211 4237 347.

277 4284 296 4354 ⁴)
315 4281 438 4337 thzker
456 4283 473 4335 l.
494 4282 539 4336 all.
558 4297 585 4350 p.
598 4280 641 4334 32.
