3224 5044
616 428 836 493 „17-

161 609 320 690 εἰκότερον
342 608 382 691 ἦν
404 607 459 671 τὸν
489 608 592 671 εἰδότα
619 608 676 690 τὴν
698 609 841 690 ὑποψίαν
864 609 920 694 τὴν
942 615 1000 672 νῦν
1022 610 1066 678 εἰς
1089 609 1145 691 ἐμὲ
1167 611 1288 684 ἰοῦσαν,

161 717 300 779 καὶτῶν
324 716 429 778 ἄλλων
452 717 484 778 εἴ
500 738 566 778 τινα
591 717 692 796 ἔγνων
716 717 958 799 ἐπιβουλεύοντα
982 717 1077 798 αὐτῷ,
1101 717 1287 781 διακωλύειν

159 823 281 905 μᾶλλον
311 825 330 904 ἢ
362 822 459 885 αὐτὸν
491 823 707 905 ἐργασάμενον
741 825 784 892 εἰς
818 825 984 893 ἑκουσίους
1017 824 1070 886 καλ
1104 825 1300 906 προδήλους·
1342 847 1347 858 ·

160 931 301 1010 ὑποψίας
325 931 469 1011 ἐμπεσεῖν
480 929 502 1010 1)
527 929 561 992 et
584 926 663 1014 ἕλε
680 929 777 1012 ἜχωΙ
793 930 829 993 δὲ
851 930 1006 1013 οὐδαμῶς
1028 931 1133 1001 ἄλλως
1153 931 1286 1014 ἐλέγχειν

160 1037 231 1119 ἢὲξ
246 1035 294 1100 ὧν
309 1036 382 1106 τοὺς
405 1036 553 1106 ἄλλουςό
576 1038 753 1119 κατήγορος
776 1037 927 1101 ἀπολύων
951 1037 1046 1100 αὐτόν
1069 1038 1123 1101 τὸν
1146 1039 1287 1102 δάνατόν

160 1169 238 1227 φησι
259 1145 391 1227 μηνύειν
415 1143 471 1226 ἐμὲ
492 1143 547 1206 τόν
562 1146 663 1226 φονέα
680 1145 763 1207 ὄντα.
798 1142 978 1208 Praeterea
993 1145 1115 1209 notatu
1130 1141 1285 1226 dignissi-

160 1270 252 1316 mum
277 1252 329 1315 est
352 1247 467 1314 eodem
490 1248 559 1314 iere
582 1248 690 1331 modo,
716 1270 781 1335 quo
805 1250 1031 1332 Hermogenes
1054 1250 1201 1317 testibus
1221 1271 1283 1333 res,

161 1354 201 1421 de
224 1355 345 1442 quibus
368 1355 488 1438 egitur,
511 1355 758 1422 demonstratos
773 1355 1010 1442 praeferendas
1026 1377 1101 1422 esse
1118 1359 1282 1443 exposuit,

159 1461 374 1529 Aristotelem
408 1462 653 1549 probabilitatis
683 1463 847 1529 rationem
878 1463 943 1528 illis
975 1466 1146 1549 praestare
1179 1462 1284 1549 expli·

160 1570 297 1636 cavisse.
344 1570 436 1635 Heeo
469 1570 557 1635 enim
581 1569 742 1653 Stagirita
766 1570 910 1654 exhibet,
943 1592 1029 1657 quae
1054 1592 1071 1636 e
1096 1570 1281 1638 Siculorum

159 1679 231 1742 arte
255 1677 361 1763 petita
385 1697 459 1742 esso
482 1677 759 1744 verisimillimum
782 1679 868 1756 esti)
889 1677 983 1759 (rhet.
999 1678 1030 1742 A
1047 1679 1089 1743 15
1109 1699 1139 1764 p.
1159 1677 1281 1762 terea,

160 1783 232 1870 17);
256 1787 440 1868 πιστώματα
465 1837 471 1848 .
497 1837 503 1848 .
527 1787 598 1868 περὶ
627 1793 813 1869 μαρτυριῶν
843 1787 1008 1869 μάρτυρας
1033 1837 1038 1848 .
1064 1837 1070 1849 .
1095 1787 1141 1869 μὴ
1174 1789 1284 1868 ἔχοντι,

159 1894 204 1956 ὅτι
221 1894 331 1957 ἐκτῶν
344 1894 476 1957 εἰκότων
492 1894 542 1957 δεῖ
557 1895 672 1976 κρίνειν
688 1895 742 1957 καὶ
760 1896 838 1957 τοῦτ’
857 1895 918 1957 ἕστί
933 1894 968 1957 τὸ
982 1895 1093 1976 γνώμῃ
1110 1903 1148 1976 τῇ
1164 1895 1283 1976 ἀρίστῃ,

157 2001 212 2062 καὶ
242 2001 287 2063 ὅτι
315 2002 374 2064 οὐκ
402 2001 481 2064 ἔστιν
509 2001 699 2084 ἐξαπατῆσαι
722 2000 758 2064 τὰ
784 2001 888 2065 εἰκότα
912 2002 961 2064 ἐπὶ
985 2003 1137 2083 ἀργυρίῳ,
1160 2001 1215 2064 καὶ
1238 2001 1284 2063 ὅτι

158 2108 218 2190 οὐχ
249 2107 403 2170 ἁλίσκεται
432 2108 469 2170 τὰ
500 2107 604 2171 εἰκότα
635 2109 933 2191 ψευδομαρτυριῶν,
969 2106 1168 2193 quibuscum
1199 2106 1283 2171 bene

158 2213 339 2279 oonoinunt
361 2213 445 2278 haec
467 2214 571 2279 verbe
593 2213 811 2296 Hermogenis
839 2213 904 2300 (Sp.
928 2213 958 2278 H
981 2213 1056 2297 144,
1082 2214 1154 2298 18);
1186 2211 1228 2299 (εἰ
1249 2215 1283 2278 δὲ

156 2322 202 2404 μὴ
219 2321 279 2385 εἷεν
294 2321 474 2408 μάρτυρες)
490 2323 509 2385 ό
526 2373 531 2384 .
550 2372 556 2385 .
572 2328 761 2406 κατηγορῶν
777 2324 939 2405 ἀποφανεῖ
957 2321 1011 2386 τὸν
1036 2323 1086 2386 διὰ
1102 2327 1166 2385 τῶν
1181 2346 1282 2405 πραγ-

156 2430 268 2511 μάτων
296 2429 423 2511 ἔλεγχον
454 2430 705 2512 ἀξιοπιστότερον
734 2436 790 2493 τοῦ
822 2430 873 2493 διὰ
903 2435 968 2492 τῶν
997 2431 1179 2512 μαρτύρων·
1212 2431 1283 2493 οὔτε

158 2536 218 2618 γὰρ
240 2538 431 2618 πεπεισμένα
453 2536 490 2600 τὰ
513 2539 692 2619 πράγματα,
710 2538 781 2600 οὔτε
797 2537 990 2619 χαριζόμενά
1005 2561 1051 2619 τῳ
1067 2538 1155 2609 λέξει,
1172 2537 1281 2618 ὥσπερ

157 2645 188 2706 οἰ
209 2643 366 2725 μάρτυρες
389 2644 546 2716 πολλάκις,
575 2643 641 2706 ἀλλ’
667 2643 718 2707 οἷά
742 2645 803 2707 ἐστι
826 2645 928 2726 φύσει,
951 2650 1077 2707 τοιαῦτα
1100 2643 1154 2706 καὶ
1177 2643 1279 2714 ἐξετα-

157 2750 275 2833 ζόμενα
300 2749 475 2836 φαίνετσιλ)
522 2749 548 2813 H
572 2749 652 2815 loois
681 2741 897 2836 temperatis¹
925 2769 1027 2835 quem
1050 2753 1122 2816 arto
1146 2746 1278 2814 vinculo

155 2856 253 2923 initia
276 2858 357 2922 artis
382 2857 545 2922 oratoriae
570 2879 645 2922 oum
669 2855 821 2924 doctrina
843 2857 1014 2922 rhetorum
1037 2857 1151 2922 aetate
1172 2853 1277 2920 multo

155 2965 346 3031 inferiorum
384 2966 564 3030 coniuncte
603 2965 682 3049 sint,
721 2965 946 3050 perspicimus
1006 2963 1122 3030 Plures
1161 2965 1277 3029 autem

156 3070 390 3138 similitudines
414 3071 576 3138 eiusmodi
599 3073 668 3138 erui
690 3074 843 3158 possunt,
868 3071 897 3137 si
921 3069 1055 3157 quidem
1079 3093 1096 3136 e
1117 3068 1278 3155 sophisti-

151 3178 277 3262 cailla,
303 3200 389 3265 quae
406 3178 590 3244 Siculorum
605 3179 805 3244 rhetoricam
830 3178 969 3263 excepit,
995 3175 1035 3242 de
1059 3178 1123 3242 heo
1147 3175 1280 3241 oonieo-

154 3287 266 3352 turam
281 3285 391 3352 faeere
406 3285 492 3352 lieet.
527 3285 635 3365 Quam
650 3288 739 3351 reete
755 3285 829 3350 fieri
844 3285 908 3350 hoo
924 3281 1021 3350 modo
1037 3282 1279 3365 intellegemus.

154 3391 302 3457 Primum
345 3396 451 3460 mtem
494 3393 772 3458 concertatoriem
810 3392 882 3457 sive
920 3391 955 3456 in
994 3389 1277 3476 disputationibus

234 3676 264 3745 ’1)
283 3677 324 3732 uf.
339 3678 495 3748 exemplum
513 3679 549 3732 eb
564 3676 716 3730 Aristotele
729 3693 744 3730 e
758 3676 869 3730 Coracis
882 3679 943 3730 arte
961 3679 1117 3746 sumptum:
1132 3673 1165 3726 ἂν
1178 3673 1277 3744 ἰσχυρὸς

154 3764 192 3817 (ἲν
210 3762 303 3835 (αἰκίας
322 3765 417 3839 polypi·
437 3765 466 3818 o'v
483 3767 534 3838 γὰρ
553 3765 626 3829 εἰκός,
646 3764 688 3818 ότι
707 3766 773 3821 εἰκὸς
792 3762 881 3833 ἔμελλε
901 3761 993 3828 δόξειν.

137 3891 140 3897 ’
247 3874 266 3942 ²)
285 3873 467 3930 Aristotelem
485 3877 601 3928 auctore
622 3890 680 3928 non
698 3874 845 3928 nominato
865 3888 900 3927 ox
919 3872 1011 3926 alieno
1024 3869 1116 3940 largiri
1128 3886 1187 3924 non
1199 3867 1279 3922 dubi-

153 3965 233 4018 tasse
263 3962 296 4018 H.
325 3962 402 4018 Diels
438 3963 468 4017 in
499 3963 739 4017 commentatione
753 3955 889 4016 'Hermae
920 3959 1054 4015 volumini
1085 3957 1170 4012 XXII.
1198 3956 1277 4027 <1887

153 4051 323 4123 p.430sqq.)
341 4052 456 4117 inserta,
477 4068 550 4123 quae
567 4052 728 4106 inscribitur
755 4051 897 4116 „Herodot
920 4050 977 4104 und
995 4049 1177 4113 Hekateios“,
1202 4046 1278 4101 lucu-

152 4139 244 4194 lenter
262 4139 479 4196 demonstravit.

244 4247 263 4317 ³)
282 4246 324 4302 uf.
344 4248 424 4302 Corn.
445 4252 497 4303 art.
517 4246 590 4302 rhet.
610 4248 676 4318 epit.
697 4245 781 4317 §189
800 4250 830 4300 et
848 4249 923 4302 auct.
943 4245 980 4298 ad
999 4245 1062 4299 Her.
1081 4244 1143 4308 117,
1160 4242 1201 4297 ll.

207 4361 325 4406 ineneke.
1083 4351 1100 4404 2
