<?xml version="1.0" encoding="UTF-8"?>
<!DOCTYPE html PUBLIC "-//W3C//DTD XHTML 1.0 Transitional//EN"
    "http://www.w3.org/TR/xhtml1/DTD/xhtml1-transitional.dtd">
<html xmlns="http://www.w3.org/1999/xhtml" xml:lang="en" lang="en">
 <head>
  <title>
</title>
<meta http-equiv="Content-Type" content="text/html;charset=utf-8" />
  <meta name='ocr-system' content='tesseract 3.04.00' />
  <meta name='ocr-capabilities' content='ocr_page ocr_carea ocr_par ocr_line ocrx_word'/>
</head>
<body>
  <div class='ocr_page' id='page_1' title='image "./destatuumdoctri00jaengoog_0141.png"; bbox 0 0 3198 5054; ppageno 0'>
   <div class='ocr_carea' id='block_1_1' title="bbox 761 440 1007 506">
    <p class='ocr_par' dir='ltr' id='par_1_1' title="bbox 761 440 1007 506">
     <span class='ocr_line' id='line_1_1' title="bbox 761 440 1007 506; baseline -0.016 1"><span class='ocrx_word' id='word_1_1' title='bbox 761 440 1007 506; x_wconf 78' lang='lat'>—126-</span> 
     </span>
    </p>
   </div>
   <div class='ocr_carea' id='block_1_2' title="bbox 323 615 1444 793">
    <p class='ocr_par' dir='ltr' id='par_1_2' title="bbox 323 615 1444 793">
     <span class='ocr_line' id='line_1_2' title="bbox 324 615 1444 706; baseline -0.004 -20"><span class='ocrx_word' id='word_1_2' title='bbox 324 640 494 702; x_wconf 85' lang='lat' dir='ltr'>magoram</span> <span class='ocrx_word' id='word_1_3' title='bbox 511 621 671 706; x_wconf 87' lang='lat' dir='ltr'>quattuor</span> <span class='ocrx_word' id='word_1_4' title='bbox 687 622 798 684; x_wconf 89' lang='lat' dir='ltr'>status</span> <span class='ocrx_word' id='word_1_5' title='bbox 814 617 1012 704; x_wconf 77' lang='lat' dir='ltr'>principales</span> <span class='ocrx_word' id='word_1_6' title='bbox 1023 617 1250 684; x_wconf 90' lang='lat' dir='ltr'>nominavisse</span> <span class='ocrx_word' id='word_1_7' title='bbox 1263 615 1444 682; x_wconf 72' lang='lat' dir='ltr'>rationales</span> 
     </span>
     <span class='ocr_line' id='line_1_3' title="bbox 323 727 471 793; baseline -0.014 0"><span class='ocrx_word' id='word_1_8' title='bbox 323 727 471 793; x_wconf 87' lang='lat' dir='ltr'>tradunt.</span> 
     </span>
    </p>
   </div>
   <div class='ocr_carea' id='block_1_3' title="bbox 322 848 1444 2007">
    <p class='ocr_par' dir='ltr' id='par_1_3' title="bbox 322 848 1444 2007">
     <span class='ocr_line' id='line_1_4' title="bbox 412 848 1443 937; baseline -0.003 -22"><span class='ocrx_word' id='word_1_9' title='bbox 412 850 510 917; x_wconf 91' lang='lat' dir='ltr'>Nunc</span> <span class='ocrx_word' id='word_1_10' title='bbox 532 853 648 934; x_wconf 88' lang='lat' dir='ltr'>restat,</span> <span class='ocrx_word' id='word_1_11' title='bbox 672 853 712 916; x_wconf 91' lang='lat' dir='ltr'>ut</span> <span class='ocrx_word' id='word_1_12' title='bbox 728 851 953 937; x_wconf 72' lang='lat' dir='ltr'>aequiramus</span> <span class='ocrx_word' id='word_1_13' title='bbox 978 854 1090 916; x_wconf 88' lang='lat' dir='ltr'>utrum</span> <span class='ocrx_word' id='word_1_14' title='bbox 1106 849 1271 914; x_wconf 78' lang='lat' dir='ltr'>Ciceronis</span> <span class='ocrx_word' id='word_1_15' title='bbox 1288 853 1322 914; x_wconf 88' lang='lat' dir='ltr'>et</span> <span class='ocrx_word' id='word_1_16' title='bbox 1339 848 1443 929; x_wconf 78' lang='lat' dir='ltr'>Quin-</span> 
     </span>
     <span class='ocr_line' id='line_1_5' title="bbox 322 955 1443 1044; baseline -0.004 -20"><span class='ocrx_word' id='word_1_17' title='bbox 322 959 431 1024; x_wconf 91' lang='lat' dir='ltr'>tiliani</span> <span class='ocrx_word' id='word_1_18' title='bbox 448 958 567 1023; x_wconf 89' lang='lat' dir='ltr'>divisio</span> <span class='ocrx_word' id='word_1_19' title='bbox 584 958 827 1044; x_wconf 85' lang='lat' dir='ltr'>quadripartita</span> <span class='ocrx_word' id='word_1_20' title='bbox 843 956 1016 1043; x_wconf 75' lang='lat' dir='ltr'>qualitatis</span> <span class='ocrx_word' id='word_1_21' title='bbox 1033 955 1207 1022; x_wconf 90' lang='lat' dir='ltr'>rationalis</span> <span class='ocrx_word' id='word_1_22' title='bbox 1219 955 1443 1038; x_wconf 85' lang='lat' dir='ltr'>Hermagorae</span> 
     </span>
     <span class='ocr_line' id='line_1_6' title="bbox 324 1041 1443 1149; baseline -0.004 -18"><span class='ocrx_word' id='word_1_23' title='bbox 324 1064 540 1131; x_wconf 86' lang='lat' dir='ltr'>attribuenda</span> <span class='ocrx_word' id='word_1_24' title='bbox 578 1065 623 1130; x_wconf 90' lang='lat' dir='ltr'>sit</span> <span class='ocrx_word' id='word_1_25' title='bbox 657 1085 701 1129; x_wconf 90' lang='lat' dir='ltr'>an</span> <span class='ocrx_word' id='word_1_26' title='bbox 737 1064 954 1146; x_wconf 81' lang='lat' dir='ltr'>Hermogenis</span> <span class='ocrx_word' id='word_1_27' title='bbox 989 1041 1156 1149; x_wconf 78' lang='lat' dir='ltr'>bipartita.</span> <span class='ocrx_word' id='word_1_28' title='bbox 1214 1064 1263 1128; x_wconf 90' lang='lat' dir='ltr'>Ao</span> <span class='ocrx_word' id='word_1_29' title='bbox 1301 1062 1443 1148; x_wconf 88' lang='lat' dir='ltr'>primum</span> 
     </span>
     <span class='ocr_line' id='line_1_7' title="bbox 324 1169 1442 1259; baseline -0.003 -22"><span class='ocrx_word' id='word_1_30' title='bbox 324 1172 457 1259; x_wconf 86' lang='lat' dir='ltr'>quidem</span> <span class='ocrx_word' id='word_1_31' title='bbox 482 1192 558 1257; x_wconf 91' lang='lat' dir='ltr'>pars</span> <span class='ocrx_word' id='word_1_32' title='bbox 584 1171 850 1237; x_wconf 87' lang='lat' dir='ltr'>demonstrativa</span> <span class='ocrx_word' id='word_1_33' title='bbox 872 1172 907 1236; x_wconf 91' lang='lat' dir='ltr'>in</span> <span class='ocrx_word' id='word_1_34' title='bbox 931 1171 1191 1237; x_wconf 87' lang='lat' dir='ltr'>controversiam</span> <span class='ocrx_word' id='word_1_35' title='bbox 1214 1170 1317 1236; x_wconf 87' lang='lat' dir='ltr'>venit.</span> <span class='ocrx_word' id='word_1_36' title='bbox 1355 1169 1442 1235; x_wconf 90' lang='lat' dir='ltr'>Nam</span> 
     </span>
     <span class='ocr_line' id='line_1_8' title="bbox 325 1277 1442 1362; baseline -0.003 -17"><span class='ocrx_word' id='word_1_37' title='bbox 325 1281 388 1345; x_wconf 90' lang='lat' dir='ltr'>etsi</span> <span class='ocrx_word' id='word_1_38' title='bbox 411 1280 446 1343; x_wconf 92' lang='lat' dir='ltr'>in</span> <span class='ocrx_word' id='word_1_39' title='bbox 469 1277 678 1344; x_wconf 87' lang='lat' dir='ltr'>iudicialibus</span> <span class='ocrx_word' id='word_1_40' title='bbox 703 1282 737 1343; x_wconf 91' lang='lat' dir='ltr'>et</span> <span class='ocrx_word' id='word_1_41' title='bbox 760 1279 795 1343; x_wconf 92' lang='lat' dir='ltr'>in</span> <span class='ocrx_word' id='word_1_42' title='bbox 812 1277 1040 1344; x_wconf 77' lang='lat' dir='ltr'>deliberativis</span> <span class='ocrx_word' id='word_1_43' title='bbox 1057 1279 1168 1343; x_wconf 89' lang='lat' dir='ltr'>causis</span> <span class='ocrx_word' id='word_1_44' title='bbox 1184 1297 1284 1362; x_wconf 88' lang='lat' dir='ltr'>saepe</span> <span class='ocrx_word' id='word_1_45' title='bbox 1301 1296 1442 1358; x_wconf 84' lang='lat' dir='ltr'>magnae</span> 
     </span>
     <span class='ocr_line' id='line_1_9' title="bbox 323 1385 1443 1472; baseline -0.003 -21"><span class='ocrx_word' id='word_1_46' title='bbox 323 1389 437 1472; x_wconf 88' lang='lat' dir='ltr'>partes</span> <span class='ocrx_word' id='word_1_47' title='bbox 471 1389 647 1451; x_wconf 88' lang='lat' dir='ltr'>versantur</span> <span class='ocrx_word' id='word_1_48' title='bbox 679 1385 789 1451; x_wconf 88' lang='lat' dir='ltr'>laudis</span> <span class='ocrx_word' id='word_1_49' title='bbox 824 1388 885 1450; x_wconf 90' lang='lat' dir='ltr'>aut</span> <span class='ocrx_word' id='word_1_50' title='bbox 918 1385 1174 1470; x_wconf 85' lang='lat' dir='ltr'>vituperationis</span> <span class='ocrx_word' id='word_1_51' title='bbox 1185 1387 1207 1467; x_wconf 82' lang='grc'>1)</span> <span class='ocrx_word' id='word_1_52' title='bbox 1242 1385 1443 1468; x_wconf 88' lang='lat' dir='ltr'>omninoque</span> 
     </span>
     <span class='ocr_line' id='line_1_10' title="bbox 323 1487 1444 1575; baseline -0.005 -16"><span class='ocrx_word' id='word_1_53' title='bbox 323 1493 389 1559; x_wconf 88' lang='lat' dir='ltr'>tria</span> <span class='ocrx_word' id='word_1_54' title='bbox 411 1492 469 1558; x_wconf 89' lang='lat' dir='ltr'>illa</span> <span class='ocrx_word' id='word_1_55' title='bbox 492 1514 615 1575; x_wconf 87' lang='lat' dir='ltr'>genera</span> <span class='ocrx_word' id='word_1_56' title='bbox 637 1513 816 1558; x_wconf 87' lang='lat' dir='ltr'>causarum</span> <span class='ocrx_word' id='word_1_57' title='bbox 838 1493 888 1557; x_wconf 87' lang='lat' dir='ltr'>ita</span> <span class='ocrx_word' id='word_1_58' title='bbox 910 1512 979 1557; x_wconf 91' lang='lat' dir='ltr'>non</span> <span class='ocrx_word' id='word_1_59' title='bbox 1002 1494 1082 1557; x_wconf 91' lang='lat' dir='ltr'>sunt</span> <span class='ocrx_word' id='word_1_60' title='bbox 1099 1491 1274 1573; x_wconf 88' lang='lat' dir='ltr'>disiuncta,</span> <span class='ocrx_word' id='word_1_61' title='bbox 1299 1493 1338 1555; x_wconf 93' lang='lat' dir='ltr'>ut</span> <span class='ocrx_word' id='word_1_62' title='bbox 1353 1487 1444 1554; x_wconf 89' lang='lat' dir='ltr'>aliud</span> 
     </span>
     <span class='ocr_line' id='line_1_11' title="bbox 324 1595 1442 1686; baseline -0.005 -20"><span class='ocrx_word' id='word_1_63' title='bbox 324 1600 410 1666; x_wconf 89' lang='lat' dir='ltr'>alius</span> <span class='ocrx_word' id='word_1_64' title='bbox 441 1621 575 1686; x_wconf 90' lang='lat' dir='ltr'>prorsus</span> <span class='ocrx_word' id='word_1_65' title='bbox 600 1620 716 1686; x_wconf 86' lang='lat' dir='ltr'>expers</span> <span class='ocrx_word' id='word_1_66' title='bbox 740 1601 824 1682; x_wconf 68' lang='lat' dir='ltr'>sit,2)</span> <span class='ocrx_word' id='word_1_67' title='bbox 859 1602 984 1682; x_wconf 90' lang='lat' dir='ltr'>tamon,</span> <span class='ocrx_word' id='word_1_68' title='bbox 1009 1599 1188 1684; x_wconf 90' lang='lat' dir='ltr'>quominus</span> <span class='ocrx_word' id='word_1_69' title='bbox 1212 1617 1310 1662; x_wconf 90' lang='lat' dir='ltr'>suum</span> <span class='ocrx_word' id='word_1_70' title='bbox 1333 1595 1442 1661; x_wconf 92' lang='lat' dir='ltr'>locum</span> 
     </span>
     <span class='ocr_line' id='line_1_12' title="bbox 324 1703 1443 1792; baseline -0.005 -19"><span class='ocrx_word' id='word_1_71' title='bbox 324 1709 436 1792; x_wconf 84' lang='lat' dir='ltr'>generi</span> <span class='ocrx_word' id='word_1_72' title='bbox 449 1707 712 1773; x_wconf 89' lang='lat' dir='ltr'>demonstrativo</span> <span class='ocrx_word' id='word_1_73' title='bbox 725 1708 759 1772; x_wconf 93' lang='lat' dir='ltr'>in</span> <span class='ocrx_word' id='word_1_74' title='bbox 781 1709 934 1772; x_wconf 88' lang='lat' dir='ltr'>statuum</span> <span class='ocrx_word' id='word_1_75' title='bbox 951 1705 1162 1791; x_wconf 78' lang='lat' dir='ltr'>discriptione</span> <span class='ocrx_word' id='word_1_76' title='bbox 1179 1704 1221 1770; x_wconf 91' lang='lat' dir='ltr'>ab</span> <span class='ocrx_word' id='word_1_77' title='bbox 1237 1703 1443 1786; x_wconf 86' lang='lat' dir='ltr'>Hermagora</span> 
     </span>
     <span class='ocr_line' id='line_1_13' title="bbox 324 1810 1442 1898; baseline -0.007 -17"><span class='ocrx_word' id='word_1_78' title='bbox 324 1816 535 1898; x_wconf 81' lang='lat' dir='ltr'>assignatum</span> <span class='ocrx_word' id='word_1_79' title='bbox 567 1835 640 1880; x_wconf 89' lang='lat' dir='ltr'>esse</span> <span class='ocrx_word' id='word_1_80' title='bbox 673 1834 856 1896; x_wconf 87' lang='lat' dir='ltr'>sumamus,</span> <span class='ocrx_word' id='word_1_81' title='bbox 884 1812 969 1878; x_wconf 88' lang='lat' dir='ltr'>haec</span> <span class='ocrx_word' id='word_1_82' title='bbox 1000 1813 1146 1878; x_wconf 89' lang='lat' dir='ltr'>obstant.</span> <span class='ocrx_word' id='word_1_83' title='bbox 1196 1811 1343 1876; x_wconf 92' lang='lat' dir='ltr'>Primum</span> <span class='ocrx_word' id='word_1_84' title='bbox 1371 1810 1442 1874; x_wconf 90' lang='lat' dir='ltr'>eius</span> 
     </span>
     <span class='ocr_line' id='line_1_14' title="bbox 324 1918 1443 2007; baseline -0.007 -19"><span class='ocrx_word' id='word_1_85' title='bbox 324 1923 473 1990; x_wconf 88' lang='lat' dir='ltr'>doctrina</span> <span class='ocrx_word' id='word_1_86' title='bbox 507 1922 542 1986; x_wconf 93' lang='lat' dir='ltr'>in</span> <span class='ocrx_word' id='word_1_87' title='bbox 577 1921 687 1987; x_wconf 89' lang='lat' dir='ltr'>causis</span> <span class='ocrx_word' id='word_1_88' title='bbox 723 1919 947 2007; x_wconf 83' lang='lat' dir='ltr'>disceptandis</span> <span class='ocrx_word' id='word_1_89' title='bbox 982 1921 1137 2003; x_wconf 88' lang='lat' dir='ltr'>vertitur,</span> <span class='ocrx_word' id='word_1_90' title='bbox 1170 1918 1205 1983; x_wconf 92' lang='lat' dir='ltr'>id</span> <span class='ocrx_word' id='word_1_91' title='bbox 1237 1918 1326 2003; x_wconf 91' lang='lat' dir='ltr'>quod</span> <span class='ocrx_word' id='word_1_92' title='bbox 1360 1936 1443 1981; x_wconf 89' lang='lat' dir='ltr'>voce</span> 
     </span>
    </p>
   </div>
   <div class='ocr_carea' id='block_1_4' title="bbox 183 2023 1443 2115">
    <p class='ocr_par' dir='ltr' id='par_1_4' title="bbox 183 2023 1443 2115">
     <span class='ocr_line' id='line_1_15' title="bbox 183 2023 1443 2115; baseline -0.002 -25"><span class='ocrx_word' id='word_1_93' title='bbox 183 2083 186 2090; x_wconf 93' lang='lat'>.</span> <span class='ocrx_word' id='word_1_94' title='bbox 296 2043 297 2048; x_wconf 74' lang='grc'>’</span> <span class='ocrx_word' id='word_1_95' title='bbox 325 2034 502 2115; x_wconf 76' lang='grc' dir='ltr'><strong><em>ζητήματος</em></strong></span> <span class='ocrx_word' id='word_1_96' title='bbox 532 2028 606 2114; x_wconf 90' lang='lat' dir='ltr'>ipsa</span> <span class='ocrx_word' id='word_1_97' title='bbox 637 2027 883 2111; x_wconf 72' lang='lat' dir='ltr'>significatur,³)</span> <span class='ocrx_word' id='word_1_98' title='bbox 916 2047 985 2091; x_wconf 91' lang='lat' dir='ltr'>non</span> <span class='ocrx_word' id='word_1_99' title='bbox 1016 2027 1051 2091; x_wconf 92' lang='lat' dir='ltr'>in</span> <span class='ocrx_word' id='word_1_100' title='bbox 1079 2026 1178 2092; x_wconf 90' lang='lat' dir='ltr'>rebus</span> <span class='ocrx_word' id='word_1_101' title='bbox 1210 2023 1376 2091; x_wconf 87' lang='lat' dir='ltr'>concessis</span> <span class='ocrx_word' id='word_1_102' title='bbox 1408 2026 1443 2088; x_wconf 90' lang='lat' dir='ltr'>et</span> 
     </span>
    </p>
   </div>
   <div class='ocr_carea' id='block_1_5' title="bbox 324 2131 1444 2542">
    <p class='ocr_par' dir='ltr' id='par_1_5' title="bbox 324 2131 1444 2542">
     <span class='ocr_line' id='line_1_16' title="bbox 324 2131 1443 2222; baseline -0.007 -18"><span class='ocrx_word' id='word_1_103' title='bbox 324 2140 458 2204; x_wconf 89' lang='lat' dir='ltr'>tantum</span> <span class='ocrx_word' id='word_1_104' title='bbox 493 2135 737 2222; x_wconf 83' lang='lat' dir='ltr'>amplificandis</span> <span class='ocrx_word' id='word_1_105' title='bbox 772 2135 827 2201; x_wconf 85' lang='lat' dir='ltr'>vel</span> <span class='ocrx_word' id='word_1_106' title='bbox 862 2132 1027 2218; x_wconf 89' lang='lat' dir='ltr'>ornandis,</span> <span class='ocrx_word' id='word_1_107' title='bbox 1065 2133 1154 2220; x_wconf 92' lang='lat' dir='ltr'>quod</span> <span class='ocrx_word' id='word_1_108' title='bbox 1189 2132 1355 2219; x_wconf 90' lang='lat' dir='ltr'>proprium</span> <span class='ocrx_word' id='word_1_109' title='bbox 1390 2131 1443 2196; x_wconf 91' lang='lat' dir='ltr'>est</span> 
     </span>
     <span class='ocr_line' id='line_1_17' title="bbox 324 2237 1442 2327; baseline -0.008 -17"><span class='ocrx_word' id='word_1_110' title='bbox 324 2245 455 2327; x_wconf 85' lang='lat' dir='ltr'>generis</span> <span class='ocrx_word' id='word_1_111' title='bbox 473 2242 735 2309; x_wconf 89' lang='lat' dir='ltr'>demonstrativi.</span> <span class='ocrx_word' id='word_1_112' title='bbox 770 2241 854 2306; x_wconf 87' lang='lat' dir='ltr'>Vide</span> <span class='ocrx_word' id='word_1_113' title='bbox 871 2242 1006 2307; x_wconf 86' lang='lat' dir='ltr'>Aristot.</span> <span class='ocrx_word' id='word_1_114' title='bbox 1022 2242 1106 2307; x_wconf 89' lang='lat' dir='ltr'>rhet.</span> <span class='ocrx_word' id='word_1_115' title='bbox 1123 2239 1185 2306; x_wconf 80' lang='lat' dir='ltr'>Ae</span> <span class='ocrx_word' id='word_1_116' title='bbox 1202 2262 1231 2325; x_wconf 92' lang='lat' dir='ltr'>p.</span> <span class='ocrx_word' id='word_1_117' title='bbox 1251 2238 1372 2322; x_wconf 76' lang='lat' dir='ltr'>reesa,</span> <span class='ocrx_word' id='word_1_118' title='bbox 1385 2237 1442 2302; x_wconf 84' lang='lat'>26:</span> 
     </span>
     <span class='ocr_line' id='line_1_18' title="bbox 325 2347 1444 2431; baseline -0.006 -15"><span class='ocrx_word' id='word_1_119' title='bbox 325 2354 409 2423; x_wconf 85' lang='grc' dir='ltr'><strong><em>ὅλως</em></strong></span> <span class='ocrx_word' id='word_1_120' title='bbox 440 2352 474 2415; x_wconf 82' lang='grc' dir='ltr'>δὲ</span> <span class='ocrx_word' id='word_1_121' title='bbox 503 2355 568 2415; x_wconf 84' lang='grc' dir='ltr'><strong><em>τῶν</em></strong></span> <span class='ocrx_word' id='word_1_122' title='bbox 598 2357 716 2416; x_wconf 78' lang='grc' dir='ltr'><strong><em>κοινᾱνν</em></strong></span> <span class='ocrx_word' id='word_1_123' title='bbox 739 2351 834 2414; x_wconf 84' lang='grc' dir='ltr'><strong><em>εἰδῶν</em></strong></span> <span class='ocrx_word' id='word_1_124' title='bbox 857 2353 954 2413; x_wconf 82' lang='grc' dir='ltr'><strong><em>ἅπασι</em></strong></span> <span class='ocrx_word' id='word_1_125' title='bbox 976 2357 1040 2419; x_wconf 90' lang='grc' dir='ltr'><strong><em>τοῖς</em></strong></span> <span class='ocrx_word' id='word_1_126' title='bbox 1061 2349 1167 2431; x_wconf 79' lang='grc' dir='ltr'><strong><em>λόγοις</em></strong></span> <span class='ocrx_word' id='word_1_127' title='bbox 1189 2351 1208 2430; x_wconf 85' lang='grc' dir='ltr'><em>ἡ</em></span> <span class='ocrx_word' id='word_1_128' title='bbox 1232 2349 1290 2430; x_wconf 77' lang='grc' dir='ltr'>μὲν</span> <span class='ocrx_word' id='word_1_129' title='bbox 1313 2347 1444 2428; x_wconf 78' lang='grc' dir='ltr'><strong><em>αὔξησις</em></strong></span> 
     </span>
     <span class='ocr_line' id='line_1_19' title="bbox 324 2455 1444 2542; baseline -0.006 -20"><span class='ocrx_word' id='word_1_130' title='bbox 324 2459 551 2542; x_wconf 81' lang='grc' dir='ltr'><strong><em>ἐπιτηδειοτάτη</em></strong></span> <span class='ocrx_word' id='word_1_131' title='bbox 567 2466 631 2529; x_wconf 89' lang='grc' dir='ltr'><strong><em>τοῖς</em></strong></span> <span class='ocrx_word' id='word_1_132' title='bbox 646 2459 860 2528; x_wconf 77' lang='grc' dir='ltr'><strong><em>ἐπιδεικτικοῖς</em></strong></span> <span class='ocrx_word' id='word_1_133' title='bbox 873 2474 879 2486; x_wconf 93' lang='grc'><em>·</em></span> <span class='ocrx_word' id='word_1_134' title='bbox 891 2457 947 2527; x_wconf 86' lang='grc' dir='ltr'>τὰς</span> <span class='ocrx_word' id='word_1_135' title='bbox 962 2456 1022 2538; x_wconf 87' lang='grc' dir='ltr'>γὰρ</span> <span class='ocrx_word' id='word_1_136' title='bbox 1038 2457 1167 2538; x_wconf 86' lang='grc' dir='ltr'><strong><em>πράξεις</em></strong></span> <span class='ocrx_word' id='word_1_137' title='bbox 1183 2455 1444 2538; x_wconf 77' lang='grc' dir='ltr'><strong><em>ὁμολογουμένας</em></strong></span> 
     </span>
    </p>
   </div>
   <div class='ocr_carea' id='block_1_6' title="bbox 323 2557 1445 3076">
    <p class='ocr_par' dir='ltr' id='par_1_6' title="bbox 323 2557 1445 3076">
     <span class='ocr_line' id='line_1_20' title="bbox 323 2557 1443 2649; baseline -0.006 -19"><span class='ocrx_word' id='word_1_138' title='bbox 323 2568 547 2649; x_wconf 78' lang='grc' dir='ltr'><strong><em>λαμβάνουσιν,</em></strong></span> <span class='ocrx_word' id='word_1_139' title='bbox 572 2567 652 2630; x_wconf 84' lang='grc' dir='ltr'><strong><em>ὥστε</em></strong></span> <span class='ocrx_word' id='word_1_140' title='bbox 675 2565 785 2628; x_wconf 89' lang='grc' dir='ltr'><strong><em>λοιπὸν</em></strong></span> <span class='ocrx_word' id='word_1_141' title='bbox 807 2565 946 2646; x_wconf 79' lang='grc' dir='ltr'><strong><em>μέγεδος</em></strong></span> <span class='ocrx_word' id='word_1_142' title='bbox 968 2564 1142 2645; x_wconf 72' lang='grc' dir='ltr'><strong><em>περιθεῖναι</em></strong></span> <span class='ocrx_word' id='word_1_143' title='bbox 1166 2563 1219 2624; x_wconf 79' lang='grc' dir='ltr'><strong><em>καὶ</em></strong></span> <span class='ocrx_word' id='word_1_144' title='bbox 1233 2563 1356 2631; x_wconf 89' lang='grc' dir='ltr'><strong><em>κάλλος.</em></strong></span> <span class='ocrx_word' id='word_1_145' title='bbox 1397 2557 1443 2624; x_wconf 79' lang='lat' dir='ltr'>Of.</span> 
     </span>
     <span class='ocr_line' id='line_1_21' title="bbox 325 2665 1443 2756; baseline -0.007 -18"><span class='ocrx_word' id='word_1_146' title='bbox 325 2674 435 2754; x_wconf 77' lang='lat' dir='ltr'>Quint.</span> <span class='ocrx_word' id='word_1_147' title='bbox 452 2672 496 2737; x_wconf 89' lang='grc' dir='ltr'>ΙΙΙ</span> <span class='ocrx_word' id='word_1_148' title='bbox 512 2674 543 2754; x_wconf 80' lang='lat'>7,</span> <span class='ocrx_word' id='word_1_149' title='bbox 555 2672 584 2736; x_wconf 87' lang='grc'>6.</span> <span class='ocrx_word' id='word_1_150' title='bbox 626 2671 696 2756; x_wconf 83' lang='lat' dir='ltr'>Syr.</span> <span class='ocrx_word' id='word_1_151' title='bbox 729 2671 764 2734; x_wconf 92' lang='lat' dir='ltr'>in</span> <span class='ocrx_word' id='word_1_152' title='bbox 794 2668 947 2751; x_wconf 85' lang='lat' dir='ltr'>Hormog.</span> <span class='ocrx_word' id='word_1_153' title='bbox 987 2689 1102 2735; x_wconf 90' lang='lat' dir='ltr'>comm.</span> <span class='ocrx_word' id='word_1_154' title='bbox 1127 2667 1203 2734; x_wconf 91' lang='lat' dir='ltr'>v.H</span> <span class='ocrx_word' id='word_1_155' title='bbox 1225 2665 1443 2753; x_wconf 79' lang='lat' dir='ltr'>p.43,1orr.:</span> 
     </span>
     <span class='ocr_line' id='line_1_22' title="bbox 326 2777 1443 2863; baseline -0.008 -18"><span class='ocrx_word' id='word_1_156' title='bbox 326 2834 331 2845; x_wconf 94' lang='lat'>.</span> <span class='ocrx_word' id='word_1_157' title='bbox 346 2781 398 2844; x_wconf 92' lang='grc' dir='ltr'><strong><em>.τδ</em></strong></span> <span class='ocrx_word' id='word_1_158' title='bbox 414 2779 631 2863; x_wconf 83' lang='grc' dir='ltr'><strong><em>πανηγυρικὸν</em></strong></span> <span class='ocrx_word' id='word_1_159' title='bbox 647 2778 798 2842; x_wconf 79' lang='grc' dir='ltr'><strong><em>οὐδέποτε</em></strong></span> <span class='ocrx_word' id='word_1_160' title='bbox 814 2779 893 2842; x_wconf 72' lang='grc' dir='ltr'><strong><em>καθ’</em></strong></span> <span class='ocrx_word' id='word_1_161' title='bbox 907 2777 1000 2841; x_wconf 83' lang='grc' dir='ltr'><strong><em>ἑαυτὸ</em></strong></span> <span class='ocrx_word' id='word_1_162' title='bbox 1013 2779 1165 2860; x_wconf 78' lang='grc' dir='ltr'><strong><em>ἐμπῖπτον</em></strong></span> <span class='ocrx_word' id='word_1_163' title='bbox 1177 2778 1210 2840; x_wconf 85' lang='grc' dir='ltr'>ἕν</span> <span class='ocrx_word' id='word_1_164' title='bbox 1223 2777 1402 2859; x_wconf 85' lang='grc' dir='ltr'><strong><em>ζητήμασιν.</em></strong></span> <span class='ocrx_word' id='word_1_165' title='bbox 1417 2824 1443 2836; x_wconf 93' lang='grc'>..</span> 
     </span>
     <span class='ocr_line' id='line_1_23' title="bbox 324 2881 1445 2971; baseline -0.006 -20"><span class='ocrx_word' id='word_1_166' title='bbox 324 2886 403 2952; x_wconf 91' lang='lat' dir='ltr'>lbid.</span> <span class='ocrx_word' id='word_1_167' title='bbox 434 2907 464 2971; x_wconf 90' lang='lat' dir='ltr'>p.</span> <span class='ocrx_word' id='word_1_168' title='bbox 488 2886 539 2966; x_wconf 79' lang='lat'>57,</span> <span class='ocrx_word' id='word_1_169' title='bbox 560 2885 596 2950; x_wconf 88' lang='lat'>3:</span> <span class='ocrx_word' id='word_1_170' title='bbox 629 2936 635 2950; x_wconf 90' lang='lat'>.</span> <span class='ocrx_word' id='word_1_171' title='bbox 667 2937 673 2949; x_wconf 90' lang='lat'>.</span> <span class='ocrx_word' id='word_1_172' title='bbox 704 2892 768 2949; x_wconf 85' lang='grc' dir='ltr'><strong><em>τῶν</em></strong></span> <span class='ocrx_word' id='word_1_173' title='bbox 799 2887 940 2950; x_wconf 80' lang='grc' dir='ltr'><strong><em>στάσεων</em></strong></span> <span class='ocrx_word' id='word_1_174' title='bbox 970 2887 1004 2948; x_wconf 81' lang='grc' dir='ltr'><strong><em>αῖ</em></strong></span> <span class='ocrx_word' id='word_1_175' title='bbox 1032 2886 1092 2968; x_wconf 86' lang='grc' dir='ltr'>μὲν</span> <span class='ocrx_word' id='word_1_176' title='bbox 1121 2885 1185 2948; x_wconf 81' lang='grc' dir='ltr'>ὑπὸ</span> <span class='ocrx_word' id='word_1_177' title='bbox 1215 2884 1250 2948; x_wconf 87' lang='grc' dir='ltr'><strong><em>τὸ</em></strong></span> <span class='ocrx_word' id='word_1_178' title='bbox 1283 2881 1445 2946; x_wconf 83' lang='grc' dir='ltr'><strong><em>δικανικὸν</em></strong></span> 
     </span>
     <span class='ocr_line' id='line_1_24' title="bbox 325 2989 1444 3076; baseline -0.006 -18"><span class='ocrx_word' id='word_1_179' title='bbox 325 2997 500 3076; x_wconf 80' lang='grc' dir='ltr'><strong><em>ἀνάγονται,</em></strong></span> <span class='ocrx_word' id='word_1_180' title='bbox 524 2996 557 3056; x_wconf 80' lang='grc' dir='ltr'><strong><em>αἱ</em></strong></span> <span class='ocrx_word' id='word_1_181' title='bbox 580 2994 614 3056; x_wconf 82' lang='grc' dir='ltr'>δὲ</span> <span class='ocrx_word' id='word_1_182' title='bbox 637 2994 699 3056; x_wconf 84' lang='grc' dir='ltr'>ὑπὸ</span> <span class='ocrx_word' id='word_1_183' title='bbox 722 2993 758 3057; x_wconf 89' lang='grc' dir='ltr'><strong><em>τδ</em></strong></span> <span class='ocrx_word' id='word_1_184' title='bbox 782 2993 943 3057; x_wconf 88' lang='grc' dir='ltr'><strong><em>δικανικὸν</em></strong></span> <span class='ocrx_word' id='word_1_185' title='bbox 966 2993 1019 3055; x_wconf 87' lang='grc' dir='ltr'><strong><em>καὶ</em></strong></span> <span class='ocrx_word' id='word_1_186' title='bbox 1043 2989 1385 3075; x_wconf 83' lang='grc' dir='ltr'><strong><em>συμβουλευτικόν·τό</em></strong></span> <span class='ocrx_word' id='word_1_187' title='bbox 1410 2989 1444 3052; x_wconf 87' lang='grc' dir='ltr'>δὲ</span> 
     </span>
    </p>
   </div>
   <div class='ocr_carea' id='block_1_7' title="bbox 321 3095 1445 3936">
    <p class='ocr_par' dir='ltr' id='par_1_7' title="bbox 321 3095 1445 3936">
     <span class='ocr_line' id='line_1_25' title="bbox 324 3095 1443 3185; baseline -0.006 -20"><span class='ocrx_word' id='word_1_188' title='bbox 324 3100 540 3185; x_wconf 83' lang='grc' dir='ltr'><strong><em>πανηγυρικὸν</em></strong></span> <span class='ocrx_word' id='word_1_189' title='bbox 563 3101 815 3165; x_wconf 87' lang='grc' dir='ltr'><strong><em>συνεπιπλέκεται</em></strong></span> <span class='ocrx_word' id='word_1_190' title='bbox 836 3101 896 3182; x_wconf 85' lang='grc' dir='ltr'>μὲν</span> <span class='ocrx_word' id='word_1_191' title='bbox 919 3101 988 3164; x_wconf 75' lang='grc' dir='ltr'>ἔσθ’</span> <span class='ocrx_word' id='word_1_192' title='bbox 1008 3100 1058 3163; x_wconf 88' lang='grc' dir='ltr'><strong><em>ὅτε</em></strong></span> <span class='ocrx_word' id='word_1_193' title='bbox 1081 3100 1211 3171; x_wconf 80' lang='grc' dir='ltr'><strong><em>τούτοις,</em></strong></span> <span class='ocrx_word' id='word_1_194' title='bbox 1234 3099 1289 3160; x_wconf 80' lang='grc' dir='ltr'>ὑπ’</span> <span class='ocrx_word' id='word_1_195' title='bbox 1315 3095 1391 3159; x_wconf 83' lang='grc' dir='ltr'><strong><em>αδτδ</em></strong></span> <span class='ocrx_word' id='word_1_196' title='bbox 1409 3095 1443 3158; x_wconf 86' lang='grc' dir='ltr'>δὲ</span> 
     </span>
     <span class='ocr_line' id='line_1_26' title="bbox 323 3201 1443 3293; baseline -0.008 -19"><span class='ocrx_word' id='word_1_197' title='bbox 323 3211 426 3293; x_wconf 84' lang='grc' dir='ltr'><strong><em>μόνον</em></strong></span> <span class='ocrx_word' id='word_1_198' title='bbox 449 3209 581 3290; x_wconf 82' lang='grc' dir='ltr'><strong><em>οὐδεμία</em></strong></span> <span class='ocrx_word' id='word_1_199' title='bbox 605 3209 709 3277; x_wconf 89' lang='grc' dir='ltr'><strong><em>στάσις</em></strong></span> <span class='ocrx_word' id='word_1_200' title='bbox 732 3209 886 3289; x_wconf 87' lang='grc' dir='ltr'><strong><em>ἀνάγεται.</em></strong></span> <span class='ocrx_word' id='word_1_201' title='bbox 932 3204 1058 3270; x_wconf 87' lang='lat' dir='ltr'>Deinde</span> <span class='ocrx_word' id='word_1_202' title='bbox 1082 3204 1248 3270; x_wconf 86' lang='lat' dir='ltr'>rhetorica</span> <span class='ocrx_word' id='word_1_203' title='bbox 1263 3201 1378 3284; x_wconf 75' lang='lat' dir='ltr'>civille,</span> <span class='ocrx_word' id='word_1_204' title='bbox 1404 3203 1443 3266; x_wconf 86' lang='lat' dir='ltr'>ut</span> 
     </span>
     <span class='ocr_line' id='line_1_27' title="bbox 325 3308 1443 3401; baseline -0.005 -21"><span class='ocrx_word' id='word_1_205' title='bbox 325 3336 426 3401; x_wconf 89' lang='lat' dir='ltr'>supra</span> <span class='ocrx_word' id='word_1_206' title='bbox 459 3313 732 3396; x_wconf 83' lang='lat' dir='ltr'>significavimus,</span> <span class='ocrx_word' id='word_1_207' title='bbox 766 3313 976 3398; x_wconf 88' lang='lat' dir='ltr'>sophisticae,</span> <span class='ocrx_word' id='word_1_208' title='bbox 1001 3313 1145 3397; x_wconf 89' lang='lat' dir='ltr'>quaein</span> <span class='ocrx_word' id='word_1_209' title='bbox 1169 3309 1375 3376; x_wconf 91' lang='lat' dir='ltr'>orationibus</span> <span class='ocrx_word' id='word_1_210' title='bbox 1400 3308 1443 3374; x_wconf 92' lang='lat' dir='ltr'>ad</span> 
     </span>
     <span class='ocr_line' id='line_1_28' title="bbox 326 3413 1443 3505; baseline -0.009 -17"><span class='ocrx_word' id='word_1_211' title='bbox 326 3421 587 3488; x_wconf 85' lang='lat' dir='ltr'>ostentationem</span> <span class='ocrx_word' id='word_1_212' title='bbox 612 3420 812 3504; x_wconf 89' lang='lat' dir='ltr'>comparatis</span> <span class='ocrx_word' id='word_1_213' title='bbox 835 3423 998 3503; x_wconf 85' lang='lat' dir='ltr'>versatur,</span> <span class='ocrx_word' id='word_1_214' title='bbox 1023 3418 1177 3505; x_wconf 92' lang='lat' dir='ltr'>opposita</span> <span class='ocrx_word' id='word_1_215' title='bbox 1200 3422 1259 3483; x_wconf 87' lang='lat' dir='ltr'>cst.</span> <span class='ocrx_word' id='word_1_216' title='bbox 1306 3417 1380 3497; x_wconf 77' lang='lat' dir='ltr'>Qua</span> <span class='ocrx_word' id='word_1_217' title='bbox 1403 3413 1443 3479; x_wconf 91' lang='lat' dir='ltr'>de</span> 
     </span>
     <span class='ocr_line' id='line_1_29' title="bbox 324 3523 1442 3613; baseline -0.005 -21"><span class='ocrx_word' id='word_1_218' title='bbox 324 3551 359 3593; x_wconf 89' lang='lat' dir='ltr'>re</span> <span class='ocrx_word' id='word_1_219' title='bbox 375 3528 411 3592; x_wconf 91' lang='lat' dir='ltr'>hi</span> <span class='ocrx_word' id='word_1_220' title='bbox 425 3527 637 3613; x_wconf 90' lang='lat' dir='ltr'>potissimum</span> <span class='ocrx_word' id='word_1_221' title='bbox 652 3525 716 3592; x_wconf 92' lang='lat' dir='ltr'>loci</span> <span class='ocrx_word' id='word_1_222' title='bbox 732 3527 905 3612; x_wconf 87' lang='lat' dir='ltr'>spectandi</span> <span class='ocrx_word' id='word_1_223' title='bbox 922 3528 1009 3591; x_wconf 90' lang='lat' dir='ltr'>sunt.</span> <span class='ocrx_word' id='word_1_224' title='bbox 1045 3524 1170 3590; x_wconf 90' lang='lat' dir='ltr'>Philod.</span> <span class='ocrx_word' id='word_1_225' title='bbox 1187 3525 1270 3590; x_wconf 90' lang='lat' dir='ltr'>rhet.</span> <span class='ocrx_word' id='word_1_226' title='bbox 1286 3523 1301 3587; x_wconf 93' lang='lat' dir='ltr'>I</span> <span class='ocrx_word' id='word_1_227' title='bbox 1316 3523 1392 3604; x_wconf 83' lang='lat'>213,</span> <span class='ocrx_word' id='word_1_228' title='bbox 1407 3523 1442 3586; x_wconf 70' lang='grc' dir='ltr'>ὅς</span> 
     </span>
     <span class='ocr_line' id='line_1_30' title="bbox 321 3633 1443 3720; baseline -0.007 -20"><span class='ocrx_word' id='word_1_229' title='bbox 321 3637 418 3720; x_wconf 83' lang='grc' dir='ltr'><strong><em>Ὑπὲρ</em></strong></span> <span class='ocrx_word' id='word_1_230' title='bbox 448 3636 482 3700; x_wconf 84' lang='grc' dir='ltr'>δὲ</span> <span class='ocrx_word' id='word_1_231' title='bbox 511 3642 576 3699; x_wconf 84' lang='grc' dir='ltr'><strong><em>τῶν</em></strong></span> <span class='ocrx_word' id='word_1_232' title='bbox 606 3635 685 3699; x_wconf 85' lang='grc' dir='ltr'><strong><em>κατὰ</em></strong></span> <span class='ocrx_word' id='word_1_233' title='bbox 715 3635 789 3706; x_wconf 84' lang='grc' dir='ltr'><strong><em>τοὺς</em></strong></span> <span class='ocrx_word' id='word_1_234' title='bbox 819 3637 966 3705; x_wconf 79' lang='grc' dir='ltr'><strong><em>ἐπαίνους</em></strong></span> <span class='ocrx_word' id='word_1_235' title='bbox 988 3635 1042 3697; x_wconf 80' lang='grc' dir='ltr'><strong><em>καὶ</em></strong></span> <span class='ocrx_word' id='word_1_236' title='bbox 1065 3635 1190 3715; x_wconf 81' lang='grc' dir='ltr'><strong><em>ψόγους</em></strong></span> <span class='ocrx_word' id='word_1_237' title='bbox 1212 3639 1269 3696; x_wconf 84' lang='grc' dir='ltr'>νῦν</span> <span class='ocrx_word' id='word_1_238' title='bbox 1291 3633 1443 3712; x_wconf 84' lang='grc' dir='ltr'><strong><em>λέγωμεν,</em></strong></span> 
     </span>
     <span class='ocr_line' id='line_1_31' title="bbox 325 3737 1445 3825; baseline -0.007 -17"><span class='ocrx_word' id='word_1_239' title='bbox 325 3747 370 3809; x_wconf 88' lang='grc' dir='ltr'><strong><em>ότι</em></strong></span> <span class='ocrx_word' id='word_1_240' title='bbox 392 3751 457 3814; x_wconf 90' lang='grc' dir='ltr'><strong><em>τοῖς</em></strong></span> <span class='ocrx_word' id='word_1_241' title='bbox 478 3743 662 3813; x_wconf 91' lang='grc' dir='ltr'><strong><em>πολειτικοῖς</em></strong></span> <span class='ocrx_word' id='word_1_242' title='bbox 680 3749 744 3806; x_wconf 84' lang='grc' dir='ltr'><strong><em>τῶν</em></strong></span> <span class='ocrx_word' id='word_1_243' title='bbox 760 3742 907 3825; x_wconf 81' lang='grc' dir='ltr'><strong><em>ῥητόρων</em></strong></span> <span class='ocrx_word' id='word_1_244' title='bbox 922 3741 1165 3822; x_wconf 81' lang='grc' dir='ltr'><strong><em>παρασπείρεται</em></strong></span> <span class='ocrx_word' id='word_1_245' title='bbox 1178 3741 1238 3822; x_wconf 78' lang='grc' dir='ltr'>μὲν</span> <span class='ocrx_word' id='word_1_246' title='bbox 1254 3741 1314 3802; x_wconf 81' lang='grc' dir='ltr'><strong><em>οὐκ</em></strong></span> <span class='ocrx_word' id='word_1_247' title='bbox 1330 3737 1445 3818; x_wconf 80' lang='grc' dir='ltr'><strong><em>ὀλίγων</em></strong></span> 
     </span>
     <span class='ocr_line' id='line_1_32' title="bbox 325 3845 1444 3936; baseline -0.008 -20"><span class='ocrx_word' id='word_1_248' title='bbox 325 3855 467 3936; x_wconf 83' lang='grc' dir='ltr'><strong><em>ἐγκώμια</em></strong></span> <span class='ocrx_word' id='word_1_249' title='bbox 499 3851 551 3913; x_wconf 84' lang='grc' dir='ltr'><strong><em>καὶ</em></strong></span> <span class='ocrx_word' id='word_1_250' title='bbox 581 3851 687 3932; x_wconf 81' lang='grc' dir='ltr'><strong><em>ψόγοι,</em></strong></span> <span class='ocrx_word' id='word_1_251' title='bbox 716 3851 793 3912; x_wconf 71' lang='grc' dir='ltr'><strong><em>καθ’</em></strong></span> <span class='ocrx_word' id='word_1_252' title='bbox 820 3849 914 3912; x_wconf 81' lang='grc' dir='ltr'><strong><em>ἑαυτὰ</em></strong></span> <span class='ocrx_word' id='word_1_253' title='bbox 939 3848 1026 3911; x_wconf 84' lang='grc' dir='ltr'><strong><em>δὀὐ</em></strong></span> <span class='ocrx_word' id='word_1_254' title='bbox 1050 3854 1188 3919; x_wconf 88' lang='grc' dir='ltr'><strong><em>ποιεῖται,</em></strong></span> <span class='ocrx_word' id='word_1_255' title='bbox 1212 3847 1332 3928; x_wconf 83' lang='grc' dir='ltr'><strong><em>μᾶλλον</em></strong></span> <span class='ocrx_word' id='word_1_256' title='bbox 1356 3845 1386 3907; x_wconf 82' lang='grc' dir='ltr'>δ’</span> <span class='ocrx_word' id='word_1_257' title='bbox 1405 3845 1444 3907; x_wconf 80' lang='grc' dir='ltr'><strong><em>οὗ</em></strong></span> 
     </span>
    </p>
   </div>
   <div class='ocr_carea' id='block_1_8' title="bbox 414 4096 815 4348">
    <p class='ocr_par' dir='ltr' id='par_1_8' title="bbox 414 4096 815 4348">
     <span class='ocr_line' id='line_1_33' title="bbox 415 4096 815 4171; baseline -0.013 -15"><span class='ocrx_word' id='word_1_258' title='bbox 415 4103 433 4171; x_wconf 82' lang='lat'>¹)</span> <span class='ocrx_word' id='word_1_259' title='bbox 452 4103 535 4155; x_wconf 90' lang='lat' dir='ltr'>Auot.</span> <span class='ocrx_word' id='word_1_260' title='bbox 555 4100 590 4154; x_wconf 87' lang='lat' dir='ltr'>ad</span> <span class='ocrx_word' id='word_1_261' title='bbox 609 4098 673 4153; x_wconf 88' lang='lat' dir='ltr'>Her.</span> <span class='ocrx_word' id='word_1_262' title='bbox 686 4096 761 4162; x_wconf 79' lang='lat'>1118,</span> <span class='ocrx_word' id='word_1_263' title='bbox 775 4097 815 4151; x_wconf 80' lang='lat' dir='ltr'>le.</span> 
     </span>
     <span class='ocr_line' id='line_1_34' title="bbox 414 4188 690 4260; baseline -0.011 -15"><span class='ocrx_word' id='word_1_264' title='bbox 414 4193 432 4260; x_wconf 65' lang='grc' dir='ltr'>2γ</span> <span class='ocrx_word' id='word_1_265' title='bbox 453 4191 547 4258; x_wconf 77' lang='lat' dir='ltr'>Quint.</span> <span class='ocrx_word' id='word_1_266' title='bbox 561 4189 637 4252; x_wconf 82' lang='lat'>1114,</span> <span class='ocrx_word' id='word_1_267' title='bbox 650 4188 690 4242; x_wconf 88' lang='grc'>16.</span> 
     </span>
     <span class='ocr_line' id='line_1_35' title="bbox 414 4278 737 4348; baseline -0.006 -14"><span class='ocrx_word' id='word_1_268' title='bbox 414 4282 433 4348; x_wconf 77' lang='lat'>³)</span> <span class='ocrx_word' id='word_1_269' title='bbox 454 4280 505 4334; x_wconf 78' lang='lat' dir='ltr'>ef..</span> <span class='ocrx_word' id='word_1_270' title='bbox 516 4279 609 4346; x_wconf 83' lang='lat' dir='ltr'>Quint.</span> <span class='ocrx_word' id='word_1_271' title='bbox 623 4278 661 4332; x_wconf 93' lang='lat' dir='ltr'>Ill</span> <span class='ocrx_word' id='word_1_272' title='bbox 675 4278 699 4342; x_wconf 89' lang='lat'>5,</span> <span class='ocrx_word' id='word_1_273' title='bbox 712 4278 737 4332; x_wconf 84' lang='lat'>3.</span> 
     </span>
    </p>
   </div>
   <div class='ocr_carea' id='block_1_9' title="bbox 0 0 1604 5054">
    <p class='ocr_par' dir='ltr' id='par_1_9' title="bbox 0 0 1604 5054">
     <span class='ocr_line' id='line_1_36' title="bbox 0 0 1604 5054; baseline 0 0"><span class='ocrx_word' id='word_1_274' title='bbox 0 0 1604 5054; x_wconf 95' lang='lat' dir='ltr'> </span> 
     </span>
    </p>
   </div>
  </div>
 </body>
</html>
