3198 5054
747 407 993 472 -140-

896 589 1058 671 εοροείαε,
1085 586 1141 671 qui
1165 605 1356 670 supremum
1380 583 1431 650 of-

896 691 1011 757 ficium
1034 694 1165 757 mortuo
1189 691 1370 775 exhiberet.

353 854 381 936 c)
406 855 439 916 ἒν
461 854 595 916 πάθεσιν

356 957 428 1043 147,
453 958 490 1025 6:
529 966 671 1043 συνεχῶς
706 963 749 1030 εἰς
786 961 842 1043 τὴν
941 958 1017 1040 325,
1042 958 1102 1023 22:
1141 960 1180 1022 ui
1215 958 1243 1023 si
1277 979 1353 1022 reus
1388 958 1434 1024 sit

308 1067 482 1148 ἀκρόπολιν
497 1068 568 1136 νέος
588 1068 738 1138 πλούσιος
758 1069 840 1150 ἀφο-
897 1063 990 1131 dives
1015 1063 1212 1130 adulescens
1242 1063 1432 1131 adsectatae

307 1179 376 1256 ρῶν
392 1174 521 1256 δακρύει
536 1174 589 1237 καί
605 1175 714 1256 φεύγει
729 1198 841 1257 τυραν-
897 1170 1094 1258 ‘tyrannidis7
1114 1171 1203 1258 quod
1215 1192 1323 1237 arcem
1336 1192 1433 1257 prae·

306 1280 393 1350 νίόας
416 1280 597 1350 ἐπιθέσεως.
897 1279 1021 1344 tenens
1045 1277 1137 1344 fleat.

354 1437 425 1522 147,
439 1438 477 1505 8:
508 1441 636 1523 ἐλεήσας
664 1441 724 1523 γὰρ
748 1443 842 1524 φήσει
942 1439 1065 1522 327,1;
1089 1439 1182 1524 flere,
1200 1439 1280 1525 quia
1296 1439 1359 1505 sibi
1374 1460 1443 1504 ve-v

305 1545 379 1617 τοὺς
427 1549 703 1630 τυραννουμένους
756 1550 840 1612 οὕτω
896 1547 969 1611 niat
984 1545 1020 1610 in
1033 1550 1190 1629 mentem,
1207 1567 1309 1633 quam
1324 1545 1433 1613 multa

308 1654 457 1736 διετέθην.
896 1673 938 1718 ex
962 1651 1017 1718 ille
1041 1652 1113 1719 loco
1137 1652 1331 1739 plerumque
1348 1653 1431 1719 aeei-

518 1797 519 1802 κ
896 1760 979 1825 dant
1003 1759 1140 1826 civitati.

349 1921 378 1984 8.
406 1918 477 2003 147,
492 1919 551 1985 28:
575 1923 595 2004 ἡ
616 1922 736 2004 πιθανὴ
759 1923 838 1985 ἀτιο-
940 1920 1060 2001 327,3;
1080 1921 1265 1986 verisimilis
1277 1920 1430 2006 probatio

303 2028 392 2109 λογία
417 2029 657 2111 ἀναστρέφουοά
678 2029 739 2092 ἐστι
758 2029 841 2112 πρὸς
895 2029 948 2092 est
962 2027 1055 2092 loeus
1071 2049 1113 2092 ex
1132 2048 1168 2093 re
1187 2027 1263 2114 ipsa
1283 2026 1427 2112 oblatus

304 2134 341 2196 τὰ
366 2135 529 2218 ἀπ’ἄρχῆς
553 2137 625 2218 ἄχρι
647 2137 763 2206 τέλους·
793 2136 840 2206 οἷς
894 2154 970 2199 cum
986 2135 1057 2199 vari
1080 2133 1231 2200 similiter
1252 2155 1329 2199 raus
1350 2132 1430 2199 dicit

306 2240 366 2321 γὰρ
404 2241 423 2303 ὁ
461 2243 566 2322 ἕτερος
603 2243 749 2325 χρήσεται
793 2244 839 2313 ὡς
893 2239 928 2304 id
942 2241 1061 2327 ipsum,
1079 2240 1167 2326 quod
1183 2241 1280 2327 quasi
1296 2241 1428 2324 signum

305 2347 446 2429 σημείοις
471 2354 527 2410 τοῦ
552 2347 631 2412 εἷναί
650 2374 691 2423 τι,
718 2351 839 2420 τούτοις
894 2350 929 2412 et
952 2350 1187 2430 argumentum
1207 2347 1351 2413 miminis
1367 2369 1428 2433 po-

304 2454 443 2537 ὁέτερος
466 2456 512 2525 ὡς
536 2457 675 2538 σημείοις
692 2459 838 2539 χρήσεται
893 2458 1001 2526 natur.

301 2567 357 2624 τοῦ
380 2561 426 2644 μὴ
451 2561 530 2625 εἶναί
549 2587 584 2626 τι.

351 2701 422 2784 147,
437 2702 497 2767 32;
521 2705 575 2767 καὶ
589 2705 655 2787 μὴν
667 2707 696 2768 εί
709 2705 838 2787 ἔμελλον
937 2703 1012 2786 327,
1027 2705 1063 2768 5:
1087 2725 1123 2768 se
1143 2725 1211 2769 non
1235 2703 1340 2769 fuisse
1355 2701 1427 2769 fae-

303 2916 384 2980 ὥστε
408 2915 484 2980 εῖναι
506 2920 699 3001 καταφανής.
892 2916 972 3002 quid
984 2917 1154 3002 cogitarat,
1168 2915 1303 3000 1100831,
1317 2937 1426 3003 neque

646 3009 649 3016 ’
891 3022 1427 3110 illaeommeaturumnequeeogi-

891 3131 1039 3196 tationes
1048 3151 1128 3196 suas
1136 3130 1279 3197 lacrimis
1288 3129 1343 3196 vel
1356 3129 1423 3196 ullo

890 3237 1010 3304 indicio
1034 3237 1249 3324 proditurum.

347 3377 376 3442 9.
403 3377 475 3460 148,
489 3379 549 3443 242
572 3381 694 3464 ήκοινὴ
708 3383 836 3464 ποιότης

349 3483 421 3567 149,
435 3486 493 3551 2οε
515 3486 560 3548 Ἠ
577 3488 692 3570 μὲνδὴ
714 3495 769 3551 τοῦ
785 3513 835 3552 τε·
938 3487 1012 3568 327,
1026 3487 1063 3554 8:
1092 3487 1152 3552 His
1169 3486 1249 3552 loeis
1267 3486 1426 3552 dividitur

300 3593 383 3656 λείου
405 3618 438 3657 τε
460 3594 514 3656 καὶ
538 3593 639 3658 ἆτίίοῦ
656 3602 836 3678 στοχασμοῦ
893 3593 1084 3660 coniectura
1116 3593 1276 3680 perfecta,
1307 3591 1342 3658 id
1373 3598 1425 3659 est

302 3700 448 3782 διαίρεσις
479 3703 571 3784 αὕτη,
605 3703 662 3766 εἰσὶ
694 3703 730 3766 δέ
759 3728 837 3774 τινες
891 3702 999 3786 plena.
1024 3701 1112 3768 Scire
1126 3703 1241 3766 σιτίσαι
1252 3721 1315 3766 nos
1328 3721 1425 3786 oper-

300 3806 1423 3893 mmmmwmmfflmffimm

890 3915 1070 4000 perfectam
1116 3935 1225 4000 neque
1270 3914 1424 3981 omnibus

885 4020 966 4087 loeis
991 4021 1172 4104 divisionis,
1198 4021 1227 4086 si
1245 4021 1424 4087 deficiatur

886 4129 1426 4215 autpersonarumcircumstantia

887 4238 949 4302 aut
972 4257 1090 4300 rerum.
