3198 5054
752 414 996 480 -102-

314 593 420 661 altero
447 593 479 682 (ᾧ
502 595 572 678 65):
611 593 755 659 »0101011
777 592 924 678 plerique
953 643 959 657 .
984 641 990 656 .
1020 591 1085 656 duo
1110 611 1232 674 genera
1256 589 1298 656 ad
1323 591 1435 656 dicen-

314 700 393 768 dum
417 700 597 767 dederunt:
629 721 734 765 unum
763 698 803 765 de
828 701 919 765 serta
942 698 1149 783 definitaque
1173 719 1286 780 causa,
1319 698 1435 783 quales

314 811 403 890 sunt,
422 829 509 894 quae
526 808 560 872 in
576 807 700 889 litibus,
723 827 809 892 quae
826 807 861 871 in
874 805 1168 874 deliberationibus
1184 807 1381 870 versantur.
1396 855 1402 869 .
1415 827 1435 887 .;

314 913 466 996 alterum,
500 913 588 1001 quod
621 912 792 1000 appellant
821 933 939 988 omnes
969 913 1036 977 1010
1069 911 1258 997 scriptores,
1291 909 1437 997 explicat

315 1043 426 1101 nemo,
463 1021 633 1086 infinitam
667 1021 797 1104 generis
829 1021 900 1084 sine
932 1021 1081 1104 ternpore
1117 1021 1152 1084 01
1188 1019 1258 1084 0100
1293 1038 1438 1103 persona

315 1127 557 1214 quaestionem.
614 1126 686 1191 Hoc
721 1125 799 1212 quid
836 1128 870 1191 01
905 1128 1070 1210 quantum
1106 1126 1158 1208 sit,
1200 1146 1275 1190 cum
1310 1124 1433 1198 dicunt,

229 1225 230 1230 ¹
314 1234 508 1316 intellegere
531 1233 612 1300 mihi
635 1253 703 1298 non
727 1233 891 1298 videntur.
932 1232 967 1297 Si
983 1233 1072 1297 enim
1089 1234 1142 1297 est
1157 1232 1307 1313 oratoris,
1333 1253 1437 1316 quae-

316 1362 457 1426 cumque
480 1361 533 1406 res
556 1340 689 1406 infinite
712 1341 823 1425 posita
847 1340 899 1422 sit,
929 1338 969 1404 dc
995 1360 1157 1424 capesse
1181 1338 1297 1420 dicere,
1322 1337 1437 1403 dicen-

316 1448 393 1513 dum
419 1448 482 1513 erit
506 1448 545 1529 01,
569 1449 698 1534 000010
721 1446 766 1512 011
789 1446 869 1512 00110
892 1444 1098 1528 magnitud0,
1129 1467 1215 1530 quae
1238 1445 1346 1510 forma
1368 1448 1437 1510 ter-

315 1576 387 1638 rae;
420 1553 460 1646 de
484 1554 739 1634 mathematicis,
770 1552 811 1618 110
834 1553 970 1618 musicis
994 1553 1094 1617 rebus
1118 1573 1187 1617 non
1209 1553 1333 1637 poterit
1356 1551 1438 1637 quin

316 1662 406 1728 dicat
436 1662 499 1727 hoc
530 1681 629 1728 00010
658 1663 815 1747 suscepto
842 1680 1025 1724 recusare«
1075 1658 1202 1738 Quibus
1225 1659 1337 1724 verbis
1361 1679 1438 1724 eum

315 1768 492 1852 rhetorem,
529 1769 585 1854 qui
621 1767 837 1853 quaestiones
871 1764 1080 1832 universales
1116 1766 1238 1832 0101011
1273 1765 1436 1848 attribuit,

317 1875 403 1941 10100
435 1896 579 1960 000000,
611 1875 728 1960 000100
756 1874 925 1939 Antonius
957 1872 1136 1956 significat,
1169 1873 1292 1937 oratori
1323 1872 1437 1938 absol-

316 1981 446 2048 vendas
471 2003 544 2048 esse
569 1982 750 2063 censuisse,
775 1983 815 2044 ut
831 1979 957 2045 Striller
980 1978 1161 2063 contendit,
1175 1980 1200 2064 1)
1223 2001 1437 2065 0000000010

317 2088 510 2164 affirmatur,
527 2086 560 2152 id
577 2088 665 2173 quod
681 2087 783 2153 verbo
800 2086 976 2152 recusandi
991 2086 1123 2172 patefit,
1149 2086 1207 2152 sed
1230 2088 1280 2152 ita
1302 2089 1439 2151 tantum

317 2194 540 2260 concluditur:
587 2194 622 2259 Si
653 2195 726 2280 quis
757 2193 965 2258 infinitarum
990 2187 1226 2278 quaestionum
1250 2213 1373 2276 vagam
1405 2196 1439 2259 01

317 2301 386 2368 1010
417 2303 591 2388 patentem
623 2301 799 2366 materiam
829 2300 1013 2366 rhetoricae
1044 2300 1193 2382 subiecit,
1225 2300 1253 2365 is
1285 2321 1438 2366 recusare

317 2430 385 2474 000
408 2408 565 2494 potuerit,
591 2409 670 2493 quin
695 2406 856 2473 eiusmodi
879 2406 970 2493 ipsas
995 2407 1210 2491 quaestiones
1235 2407 1277 2472 ab
1299 2407 1438 2472 01010110

318 2537 453 2582 1000010
487 2515 618 2603 proprio
654 2514 767 2600 procul
798 2515 955 2596 remotas,
992 2535 1078 2599 quae
1111 2512 1154 2580 ad
1183 2512 1437 2599 philosophiam,

319 2623 601 2706 mathematicam,
634 2621 796 2687 musicam
828 2620 996 2705 aliamque
1024 2618 1232 2705 disciphnam
1259 2620 1437 2706 pertinent,

318 2729 380 2794 sibi
407 2731 580 2815 proponat.
628 2728 708 2792 Tale
740 2726 819 2812 quid
851 2727 952 2809 igitur
982 2725 1022 2792 de
1046 2725 1251 2809 Hermagora
1274 2725 1439 2792 Ciceronis

317 2836 515 2918 magistrum
542 2833 672 2901 dicendi
703 2834 797 2917 gravi
820 2831 925 2898 civilis
957 2833 1165 2918 quaestionis
1193 2833 1330 2899 notione
1359 2854 1439 2916 neg-

317 2942 414 3024 lecta,
446 2942 566 3028 quippe
591 2961 678 3028 quae
701 2942 735 3006 in
759 2940 942 3006 rhetoricae
971 2939 1063 3005 libris
1087 2939 1182 3023 desit,
1216 2939 1348 3023 dixisse,
1382 2940 1440 3006 scd

319 3050 391 3116 cius
415 3049 520 3116 verba
543 3071 565 3114 0
587 3048 742 3115 Cicerone
767 3046 1019 3113 adulescentulo
1048 3068 1117 3112 non
1141 3048 1224 3113 satis
1248 3050 1382 3113 attento
1407 3049 1439 3112 in

317 3157 409 3224 illam
437 3158 641 3224 sententiam
665 3178 686 3222 0
709 3156 805 3221 nobis
833 3152 931 3220 modo
959 3154 1181 3240 improbatam
1205 3159 1343 3240 accepta
1367 3175 1440 3220 0000

319 3266 468 3331 arbitror.
514 3264 626 3349 Atque
650 3285 689 3329 00
713 3262 824 3327 101000
849 3262 920 3326 0100
946 3281 1088 3326 errorem
1111 3263 1261 3326 statuere
1277 3281 1439 3343 veremur,

319 3370 408 3458 quod
424 3370 648 3450 Quintilianus
672 3390 804 3455 quoque
828 3370 863 3434 in
885 3366 950 3433 illis
973 3368 1064 3433 libris
1080 3367 1218 3434 iuvenili
1232 3367 1441 3451 indihgentia

319 3477 523 3564 conscriptis,
557 3497 640 3563 quos
664 3475 774 3541 Cicero
806 3477 878 3562 ipse
902 3475 1132 3542 maturitatem
1161 3477 1337 3540 assecutus
1361 3496 1440 3541 con-

318 3585 465 3671 tempsit,
478 3584 501 3671 l)
537 3604 679 3648 errorem
715 3583 906 3669 ostenditl)
951 3584 1050 3648 Porro
1087 3581 1223 3664 dignum
1259 3585 1319 3664 est,
1352 3580 1441 3668 quod

318 3692 523 3778 respiciatur,
565 3690 756 3758 Ciceronem
792 3691 828 3755 in
866 3690 1104 3777 posterioribus
1143 3689 1234 3755 libris
1267 3688 1440 3754 rhetoricis

320 3799 490 3884 generales
514 3799 730 3886 quaestiones
761 3799 850 3863 intra
880 3797 1078 3863 rhetoricam
1101 3795 1214 3862 valere
1241 3817 1308 3861 non
1337 3816 1440 3878 nega-

318 3909 408 3974 visse
443 3927 553 3993 neque
588 3927 741 3993 usquam,
778 3904 978 3990 ubicumque
1015 3903 1143 3970 occasio
1180 3904 1210 3968 ei
1245 3902 1327 3968 data
1358 3905 1439 3985 erat,

410 4064 1083 4137 tlfflpsshciffifflhfflmfflpbl

409 4152 987 4224 CQmstQbfflCmtfflbffi

409 4245 620 4314 Cfflhffim
