3198 5054
755 381 977 447 -76-

303 581 340 630 se
365 559 547 627 contulisse
571 560 765 646 novimus.¹)
803 558 920 645 Neque
943 560 1045 641 igitur
1068 558 1221 624 dubitare
1237 580 1427 645 possumus,

303 667 384 752 quin
406 665 638 751 Hermagorae,
674 670 713 733 ut
742 667 777 732 in
802 665 876 732 aliis
899 666 1009 741 rebus,
1041 667 1091 731 ita
1113 666 1148 730 in
1172 665 1427 752 quaestionibus

301 773 466 856 legalibus
490 772 727 840 distribuendis
753 773 938 840 Stoicorum
962 773 1113 856 vestigiis
1137 773 1304 839 institerit.

392 897 557 979 Quoniam
587 896 794 964 dialecticam
827 897 918 962 haud
947 897 1022 963 leve
1052 901 1259 963 momentum
1288 895 1331 963 ad
1354 901 1427 963 sta-

302 1007 399 1070 tuum
431 1003 616 1070 doctrinam
646 1003 849 1070 fulciendam
880 1007 982 1090 atque
1015 1004 1246 1090 explicandam
1270 1003 1427 1070 attulisse

303 1110 622 1195 demonstravimnS,
662 1132 752 1176 nuno
791 1111 922 1176 ethicae
957 1111 1124 1196 quaedam
1159 1111 1356 1198 partitiones
1392 1115 1427 1176 et

303 1217 515 1284 definitiones
546 1219 580 1284 in
613 1218 866 1284 deliberativum
897 1238 1003 1300 genus
1032 1239 1208 1283 causarum
1231 1217 1421 1283 translatae

301 1324 536 1411 proponendae
561 1328 649 1391 sunt.

391 1432 484 1497 Haec
517 1431 605 1497 enim
628 1431 739 1498 Oicero
772 1433 806 1497 in
838 1431 943 1497 altero
973 1430 1055 1497 libro
1080 1431 1263 1498 rhetoricae
1286 1431 1425 1517 praehet

303 1538 478 1624 (52‚157):
514 1538 656 1604 »lterum
688 1539 952 1625 expetendarum
983 1540 1048 1604 tria
1079 1559 1201 1622 genera
1235 1541 1333 1621 sunt;
1364 1559 1428 1624 par

303 1648 417 1711 autem
440 1667 600 1711 numerus
623 1644 837 1711 vitandarum
863 1667 905 1711 ex
929 1645 1097 1712 contraria
1120 1647 1222 1730 parte.
1261 1643 1348 1710 Nam
1373 1649 1426 1711 est

302 1751 471 1837 quiddam,
503 1751 592 1838 quod
623 1773 686 1818 sua
716 1753 750 1817 vi
780 1774 843 1818 nos
871 1752 1006 1818 adliciat
1029 1752 1071 1819 ad
1096 1773 1179 1836 sese,
1204 1773 1272 1818 non
1297 1751 1424 1817 emolu-

301 1863 414 1926 mento
446 1864 587 1946 captans
619 1860 740 1946 aliquo,
773 1861 831 1926 sed
865 1860 1003 1926 trahens
1035 1880 1097 1925 sua
1132 1859 1303 1942 dignitate,
1336 1859 1425 1945 quod

302 1986 408 2047 genus
442 1968 564 2050 virtus,
604 1967 760 2049 scientia,
795 1968 930 2034 veritas,
987 1967 1048 2032 Est
1082 1965 1173 2032 aliud
1208 1969 1322 2032 autem
1358 1987 1426 2031 non

301 2076 439 2159 propter
461 2095 558 2139 suam
581 2074 649 2139 vim
674 2077 709 2138 et
731 2077 897 2158 naturam,
923 2071 982 2139 sed
1004 2077 1139 2160 propter
1161 2071 1307 2138 fructum
1323 2076 1425 2158 atque

305 2178 485 2246 utilitatem
510 2181 709 2266 petendum;
734 2179 822 2267 quod
846 2201 950 2264 genus
973 2181 1115 2266 pecunia
1138 2182 1198 2246 est.
1245 2179 1306 2246 nst
1328 2201 1425 2266 porro

303 2286 464 2372 quiddam
489 2309 532 2353 ex
553 2287 672 2353 horum
695 2289 847 2374 partibus
870 2288 1031 2374 iunctum,
1065 2287 1153 2374 quod
1184 2291 1219 2353 et
1247 2308 1310 2353 sua
1332 2288 1366 2351 vi
1391 2289 1427 2353 et

302 2392 464 2475 dignitate
496 2415 558 2459 nos
588 2395 743 2461 inductos
776 2395 867 2460 ducit
898 2398 934 2460 et
963 2415 1042 2482 prae
1074 2416 1110 2460 se
1144 2394 1313 2480 quandam
1341 2395 1426 2477 gerit

301 2493 583 2588 utilitatemque
608 2502 714 2585 magis
738 2504 926 2587 expetatur,
951 2505 990 2567 ut
1014 2501 1168 2584 amicitia,
1193 2501 1282 2566 hona
1306 2501 1424 2566 existi-

302 2607 463 2696 matio.«²)
487 2630 588 2695 quam
613 2607 810 2675 divisionem
834 2610 1036 2694 tripartitam
1061 2631 1078 2674 e
1103 2608 1290 2675 Stoicorum
1313 2607 1425 2674 ethica

302 2717 475 2800 sumptam
505 2736 578 2781 esse
602 2714 759 2781 hocloco
783 2716 941 2798 Diogenis
965 2715 1089 2781 Laertii
1112 2715 1184 2798 (VII
1210 2716 1283 2798 107)
1307 2714 1424 2781 edoce-

301 2842 391 2887 mur:
423 2830 557 2890 ...τῶν
588 2827 802 2908 προηγμένων
832 2825 869 2888 τὰ
891 2826 951 2908 μὲν
976 2826 1011 2889 δι’
1038 2825 1116 2888 αὑτὰ
1139 2831 1305 2908 προῆκται,
1328 2824 1365 2887 τὰ
1390 2825 1424 2887 δὲ

301 2931 341 2992 δι’
368 2931 466 3012 ἔτερα,
489 2931 526 2994 τὰ
552 2931 586 2995 δὲ
609 2933 663 2996 καὶ
687 2933 727 2996 δι’
753 2933 832 2996 αὐτὰ
855 2934 908 2996 καὶ
933 2933 972 2995 δι’
999 2934 1096 3013 ἔτερα.
1120 2933 1174 2994 καὶ
1198 2933 1237 2994 δι’
1263 2931 1342 2995 αὐτὰ
1364 2932 1424 3013 μὲν

300 3036 424 3119 εὐφυΐα,
453 3039 604 3122 προκοπὴ
628 3040 740 3102 καὶτὰ
765 3041 869 3121 ὅμοια·
895 3040 935 3103 δι’
964 3042 1053 3121 ἕτερα
1074 3039 1108 3102 δὲ
1123 3039 1269 3112 πλοῦτος,
1285 3039 1422 3120 εὐγένεια

300 3144 354 3207 καὶ
383 3145 420 3208 τὰ
452 3146 555 3228 ὅμοια·
589 3147 628 3210 δι’
655 3147 733 3209 αὑτὰ
767 3147 802 3210 δὲ
832 3147 886 3208 καὶ
917 3146 957 3209 δι’
983 3148 1071 3227 ἕτερα
1100 3147 1196 3228 ἰσχύς,
1227 3146 1423 3228 εὐαισθησία,

300 3253 451 3334 ἀρτιότης.
484 3253 523 3316 δι’
550 3254 629 3317 αὑτὰ
653 3256 721 3333 μέν,
746 3254 791 3315 ὅτι
814 3253 894 3316 κατὰ
919 3254 1014 3336 φύσιν
1038 3254 1106 3317 ἐστί·
1131 3254 1171 3316 δι’
1197 3255 1287 3335 ἕτερα
1311 3253 1354 3326 δέ,
1379 3253 1424 3315 ὅτι

299 3366 456 3440 περιποιεῖ
474 3361 581 3442 χρείας
604 3361 664 3423 οὐκ
689 3361 801 3441 ὀλίγας.
826 3361 948 3441 ὁμοίως
979 3359 1075 3443 δ’ἔχει
1101 3361 1155 3423 καὶ
1177 3359 1212 3422 τὸ
1237 3360 1421 3442 ἀποπροηγ-

298 3465 397 3547 μένον
419 3466 498 3528 κατὰ
522 3465 576 3529 τὸν
600 3468 738 3530 ἐναντίον
753 3467 890 3554 λόγονῆ
930 3466 1108 3531 Praeterea
1127 3463 1216 3550 apud
1232 3463 1421 3530 Ciceronem

391 3678 409 3747 ¹)
430 3681 512 3733 Auot.
541 3679 578 3733 ad
605 3677 710 3733 Heni]
732 3678 836 3744 11,16;
866 3678 920 3733 Cic.
950 3695 988 3732 or.
1021 3677 1064 3744 32,
1086 3677 1150 3743 1153
1186 3677 1309 3731 Theonis
1343 3694 1421 3748 prog.

300 3768 347 3837 Sp.
361 3768 439 3833 1181,
451 3767 487 3822 30
513 3767 559 3838 (of.
584 3768 666 3838 Diog.
685 3769 716 3822 L.
730 3767 778 3822 Vll
791 3767 835 3836 62)
861 3771 891 3822 et
919 3768 977 3831 129,
993 3768 1024 3821 11
1036 3784 1076 3838 sq.
1103 3767 1150 3836 (cf.
1176 3767 1236 3822 Gal.
1255 3786 1285 3823 π.
1303 3786 1326 3819 τ.
1345 3785 1421 3836 παρα

299 3856 348 3922 τὴν
365 3853 436 3920 λέξιν
454 3877 561 3926 σοφισμ.
581 3874 604 3913 o.
623 3857 640 3910 4
653 3859 708 3912 vol.
721 3856 785 3911 XIV
796 3874 823 3928 p.
837 3857 890 3912 595
900 3874 940 3928 sq.
952 3857 985 3911 K.
1005 3857 1079 3926 [Arn.
1094 3857 1128 3912 fr.
1140 3857 1226 3911 Stoic.
1237 3874 1263 3910 v.
1274 3856 1299 3909 11
1308 3873 1335 3910 n.
1348 3855 1421 3924 153];

300 3946 375 4000 Fert.
395 3964 422 4018 p.
441 3947 484 4012 99,
499 3947 531 4001 18
541 3947 604 4018 sq.);
623 3947 715 4001 Herm.
737 3946 784 4016 Sp.
798 3946 823 4000 11
837 3945 949 4011 14129.
988 3946 1072 4001 Strill.
1091 3946 1108 3999 l.
1128 3946 1173 3999 all.
1192 3962 1219 4015 p.
1233 3945 1269 3999 40
1278 3961 1320 4016 sq.

389 4036 408 4105 ⁹)
429 4035 470 4090 Cf.
491 4039 567 4091 auct.
586 4036 622 4090 ad
640 4035 831 4100 Her.1112,2.
1273 4100 1275 4103 .

390 4125 409 4193 ὅ)
429 4123 470 4180 Gt.
491 4125 569 4180 Stob.
589 4125 736 4194 antholog.
755 4126 810 4180 vol.
823 4125 847 4178 11
860 4142 886 4195 p.
899 4124 942 4191 72,
955 4125 1001 4190 14;
1022 4125 1063 4190 71,
1077 4124 1122 4190 lb;
1142 4125 1185 4184 73.
1199 4124 1232 4178 16
1240 4123 1285 4179 W.
1299 4125 1329 4177 et
1341 4123 1419 4176 Alex.

300 4213 425 4284 Aphrod.
445 4213 472 4267 in
492 4213 610 4268 Aristot.
629 4216 689 4284 top.
709 4231 734 4284 p.
749 4213 933 4278 aaaawal.
