3224 5044
639 383 861 448 „47..

188 563 283 644 haec,
317 584 404 648 quae
435 561 663 645 Hermogenes
694 559 841 644 tradidit,
874 582 916 626 ex
938 560 1173 644 Hermagorae,
1206 560 1312 646 philo-

189 670 369 756 sophorum
393 670 575 754 asseculae,¹
601 672 672 733 arte
696 667 822 734 hausta
845 669 921 734 sint.
978 667 1112 733 Etenim
1136 667 1311 753 explicatio

188 777 415 860 Hermogenis
439 797 505 861 qua
530 775 703 841 discrimen
726 783 782 840 τοῦ
803 778 1074 859 ἀντονομάζσντος
1097 778 1131 840 et
1153 783 1209 839 τοῦ
1232 776 1311 838 κατὰ

190 887 343 968 σύλληψιν
375 885 616 967 ὀνομαζομένου
647 882 834 948 illustratur
865 882 931 968 (Sp.
955 882 984 946 Π
1019 883 1092 966 155,
1114 882 1153 947 31
1189 881 1259 967 sq.):
1292 885 1310 964 ἡ

190 993 339 1074 διαφορά,
375 994 420 1056 ὅτι
444 994 510 1055 ἐκεῖ
528 992 587 1074 μὲν
611 988 754 1075 (spectat
785 989 828 1054 ad
857 991 912 1054 τὸν
942 992 1196 1072 ἀντονομάζοντα
1224 991 1312 1072 ὅρον)

190 1100 365 1162 ἀκολουθεῖ
392 1101 485 1181 φύσει
507 1099 543 1161 cd
566 1104 698 1180 πρᾶγμα
726 1105 772 1179 τῷ
795 1098 972 1180 ἐγκλήματι,
996 1098 1065 1161 οἷον
1087 1104 1133 1178 τῷ
1157 1098 1311 1179 ἱεροσύλῳ

189 1207 304 1289 κλέπτῃ
336 1206 413 1270 εἶναι
437 1207 617 1287 ἀναγκαῖον·
649 1207 667 1268 ὁ
700 1206 760 1288 γὰρ
792 1206 954 1287 ἱερόσυλος
977 1206 1111 1288 κλέπτης
1134 1207 1229 1286 ἱερῶν
1252 1205 1313 1267 ἔστι

191 1314 295 1395 δήπου
319 1315 502 1396 χρημάτων,
530 1319 576 1394 τῷ
599 1315 705 1394 μέντοι
729 1311 874 1396 (spectat
900 1309 943 1374 ad
966 1311 1020 1374 τδν
1043 1311 1123 1374 κατὰ
1147 1311 1312 1394 σύλληψιν)

191 1421 328 1502 δημοσίᾳ
351 1420 516 1503 ἠδικηκότι
539 1421 599 1501 οὐχ
623 1421 725 1482 ἕπεται
748 1419 783 1481 τὸ
806 1421 910 1502 βίαιον
920 1420 942 1502 ¹)
967 1418 1051 1481 εἶναι·
1092 1420 1152 1481 ἔστι
1176 1418 1313 1500 γὰρκαὶ

189 1527 294 1596 ἄλλως
324 1527 471 1609 ἀδικῆσαι
503 1527 649 1608 δημοσίᾳ.
681 1523 744 1588 hoo
774 1527 950 1610 praecepto
975 1521 1164 1588 Aristotelis
1194 1523 1313 1588 nititur

190 1635 306 1715 (categ.
324 1654 348 1698 c.
366 1633 385 1697 5
409 1654 440 1718 p.
456 1631 521 1712 2b,
535 1631 606 1718 20):
629 1633 666 1695 τὰ
682 1633 818 1715 μὲνγὰρ
835 1634 907 1714 γένη
925 1631 1005 1694 κατὰ
1025 1637 1089 1694 τῶν
1105 1632 1200 1694 εἰδῶν
1215 1654 1311 1713 κατη-

190 1748 331 1822 γορεῖται,
362 1741 400 1802 τὰ
432 1741 467 1803 δὲ
497 1741 563 1822 εἴδη
595 1740 674 1802 κατὰ
706 1745 770 1803 τῶν
801 1745 902 1820 γενῶν
933 1740 993 1802 οὐκ
1017 1740 1217 1820 ἀντιστρέφει.
1264 1735 1311 1800 Cf.

189 1846 287 1910 Arist.
304 1849 371 1931 top.
387 1844 432 1910 IV
456 1845 476 1910 6
500 1865 530 1930 p.
549 1845 612 1910 128
625 1867 655 1927 a,
670 1845 727 1910 38:
759 1847 825 1909 ἐπεὶ
856 1847 891 1909 cd
921 1846 1145 1928 παρεπόμενον
1175 1869 1231 1907 τινι
1263 1845 1311 1907 ἀεὶ

189 1955 242 2016 καὶ
264 1954 309 2036 μὴ
334 1956 536 2036 ἀντιστρέφον
559 1953 696 2036 χαλεπὸν
719 1955 854 2036 χωρίσαι
883 1959 939 2016 τοῦ
962 1953 1006 2035 μὴ
1033 1954 1123 2033 γένος
1153 1951 1238 2025 εἶναι,
1273 1955 1312 2014 ἂν

188 2061 259 2124 τόδε
281 2062 340 2143 μὲν
363 2061 443 2142 τῷδ’
469 2063 578 2142 ἕπηται
600 2062 698 2134 παντί,
722 2061 794 2124 τόδε
819 2061 853 2123 δὲ
875 2060 958 2141 τῷδε
980 2060 1025 2142 μη
1049 2059 1149 2132 παντί,
1184 2059 1252 2122 οῖον
1273 2065 1311 2141 τῇ

187 2170 319 2250 νηνεμίᾳ
343 2170 362 2250 ἡ
386 2170 500 2251 ἠρεμία
524 2169 577 2230 καὶ
599 2174 645 2249 τῷ
669 2169 801 2249 ἀριδμῷ
816 2167 851 2229 τὸ
869 2167 1029 2247 διαιρετόν,
1054 2167 1207 2230 ἀνάπαλιν
1223 2167 1252 2229 δ’
1273 2167 1311 2228 ού

189 2271 236 2355 (τὸ
261 2275 321 2356 γὰρ
345 2275 497 2358 διαιρετὸν
521 2276 560 2338 οὐ
583 2281 647 2338 πᾶν
675 2275 822 2356 ἀριθμός,
855 2274 928 2336 οὐδ’
962 2277 979 2335 r‘
1014 2275 1128 2356 ἠρεμία
1159 2272 1310 2358 νηνεμία),

189 2382 285 2444 αὐτὸν
307 2383 366 2464 μέν
389 2383 529 2465 χρῆσθαι
552 2383 598 2452 ὡς
622 2384 732 2463 γένους
760 2383 850 2450 ὄντος
878 2387 935 2443 τοῦ
967 2381 1016 2443 ἀεὶ
1047 2381 1312 2452 ἀκολουθοῦντος,

190 2489 264 2552 ὅταν
294 2490 339 2571 μὴ
372 2490 565 2570 ἀντιστρέφη.
613 2487 719 2566 Quem
748 2485 858 2551 locum
881 2486 1073 2551 Alexander
1096 2484 1239 2570 Aphrod.
1263 2486 1312 2549 ita
1418 2559 1422 2567 .

189 2592 371 2659 illustravit
393 2591 727 2681 (p.367,16Wall.)⁴:
755 2594 843 2658 Ἐπεὶ
865 2595 900 2657 τὸ
924 2596 1013 2675 γένος
1044 2595 1147 2656 ἕπεται
1169 2599 1215 2674 τῷ
1238 2593 1312 2656 εἴδει

188 2703 242 2765 καὶ
266 2704 325 2766 οὐκ
350 2704 540 2784 ἀντιστρέφει
564 2704 602 2783 (εἰ
622 2703 681 2784 μὲν
705 2702 765 2784 γὰρ
790 2703 974 2784 ἅνθρωπος,
1007 2704 1102 2775 ζῶον,
1127 2701 1164 2763 οὐ
1187 2702 1262 2782 μήν,
1286 2703 1315 2763 εἰ

190 2813 285 2884 ζῶον,
307 2808 506 2893 ἄνθρωπος),
540 2810 603 2872 δεῖν
627 2834 732 2892 φησιν,
763 2811 811 2892 ἐφ’
838 2807 885 2873 ὧν
908 2812 927 2891 ἡ
951 2810 1076 2891 τοιαύτη
1101 2810 1185 2880 τάξις
1208 2809 1255 2878 ὡς
1277 2807 1311 2871 τὸ

190 2919 295 3000 ἕτερον
317 2923 364 2998 τῷ
387 2919 486 2998 ἑτέρῳ
509 2918 648 2989 ἕπεσθαι,
679 2918 790 2998 μηκέτι
822 2916 856 2978 δὲ
884 2917 937 2978 καὶ
961 2917 1170 2998 ἀναστρέφειν
1200 2921 1246 2996 τῷ
1276 2915 1312 2978 τδ

190 3025 346 3106 ἑπόμενον
369 3024 419 3086 ἐπὶ
435 3025 530 3086 πλέον
546 3024 680 3096 έσεσδαι,
704 3024 875 3105 λαμβάνειν
899 3023 945 3091 ὡς
967 3022 1003 3084 τὸ
1025 3023 1084 3104 μὲν
1108 3021 1191 3091 εἶδος
1206 3023 1312 3085 αὐτῶν

190 3130 294 3202 ὅν,τό
320 3131 354 3193 δὲ
378 3132 476 3211 γένος.
522 3127 745 3210 Hermagoras
768 3129 878 3211 igitur,
911 3125 1060 3192 simodo
1084 3127 1311 3208 Hermogenes

189 3236 263 3301 eius
286 3235 438 3318 vestigiis
462 3235 515 3300 hic
538 3235 671 3320 institit,
705 3237 879 3316 rationem,
910 3255 996 3319 quae
1019 3232 1195 3299 intercedit
1225 3235 1313 3297 inter

190 3363 296 3425 genus
331 3345 368 3407 et
402 3342 554 3427 speciem,
591 3342 807 3407 conversione
841 3341 998 3424 neganda
1029 3340 1243 3426 conspicuam
1277 3340 1312 3403 in

193 3448 324 3514 duabus
349 3449 522 3534 speciebus
546 3452 658 3514 status
682 3447 849 3514 definitivi
873 3447 1105 3530 dignoscendis
1129 3447 1312 3513 secundum

190 3555 404 3621 Aristotelem
438 3556 592 3641 respexit.
648 3555 829 3621 Praeterea
867 3554 957 3640 apud
991 3555 1233 3636 Hermogenem
1272 3575 1313 3619 ea

191 3661 337 3729 condicio
363 3665 518 3748 spectata
540 3662 719 3745 invenitur,
749 3661 808 3726 ubi
831 3664 1023 3727 convertero
1047 3663 1222 3746 propterea
1244 3681 1313 3724 non

190 3768 278 3854 licet,
304 3768 392 3855 quod
413 3769 571 3854 quiddam
594 3768 762 3855 proprium
785 3767 833 3833 rei
856 3789 924 3833 non
948 3770 1010 3848 est,
1035 3766 1095 3831 sed
1114 3765 1188 3832 aliis
1211 3766 1311 3831 rebus

190 3896 373 3942 commune.
420 3876 451 3939 ls
476 3875 564 3940 enim
587 3876 672 3940 haec
695 3874 843 3952 tradidit„
857 3873 920 3959 (Sp.
936 3873 965 3939 ll
991 3873 1149 3954 148,10):
1174 3875 1192 3936 ὁ
1215 3876 1311 3956 κατή-

280 4126 298 4193 ¹l
318 4125 451 4194 Stuprum
475 4141 524 4194 per
546 4125 604 4176 vim
627 4124 705 4178 filiae
731 4124 816 4192 legati
836 4123 962 4176 oblatum
980 4122 1010 4175 in
1034 4122 1089 4176 hoc
1108 4121 1235 4191 exemplo
1254 4121 1312 4174 tale

189 4213 310 4279 facinus
331 4214 406 4284 quali
425 4229 468 4267 res
487 4213 599 4283 publica
616 4213 744 4277 laeditur,
764 4212 943 4280 intellegitur.
