3198 5054
626 419 849 484 „75-

265 598 377 663 Prima
407 598 571 684 quaestio,
605 619 650 664 an
683 596 857 680 significet,
891 595 1082 684 syllogismo
1110 597 1299 682 respondet,

177 725 243 792 quo
268 707 397 788 agatur,
421 704 549 770 haecne
572 704 625 769 vis
648 705 684 769 in
706 704 779 787 lege
804 703 910 768 allata
929 703 1018 786 insit,
1041 705 1081 768 ut
1095 724 1166 769 rem
1180 724 1300 789 propo-

178 813 279 877 sitam
303 811 334 876 ei
357 811 464 876 subici
485 810 594 877 liceat.

267 916 418 984 Alteram
434 918 677 1004 quaestionem,
695 916 774 1004 quid
790 917 965 1000 significet,
987 917 1093 982 statui
1109 918 1188 982 κατὰ
1205 917 1302 1001 ῥητὸν

177 1027 232 1090 καὶ
263 1027 404 1091 dirivetur
414 1026 440 1110 ¹)
476 1025 653 1091 convenire
684 1023 902 1090 manifestum
935 1026 997 1108 est,
1027 1025 1186 1110 quoniam
1218 1024 1301 1090 hacc

179 1132 407 1198 controversia
423 1132 458 1196 in
474 1131 644 1198 sententia
660 1130 874 1218 explananda
889 1131 1040 1197 vertitur.
1078 1130 1155 1196 Vox
1170 1151 1301 1217 quoque

178 1242 419 1322 ὑπεξαιρέοεως,
451 1259 519 1324 qua
541 1237 762 1321 Hermagoras
786 1260 869 1304 usus
893 1241 945 1304 est
968 1259 1026 1325 pro
1050 1259 1132 1305 voce
1153 1239 1300 1320 διανοίας,

180 1345 301 1411 Stoicis
325 1345 437 1412 deberi
460 1344 627 1428 videturff)

192 1506 193 1509 ,
271 1453 384 1519 Tertia
416 1453 579 1538 quaestio,
612 1473 712 1538 quam
742 1451 851 1518 multa
882 1451 1057 1534 significet,
1089 1451 1303 1534 ambiguitati

179 1559 340 1643 congruit,
374 1581 460 1646 quae
493 1559 662 1624 contentio
695 1580 737 1624 ex
760 1580 799 1625 eo
822 1561 991 1640 nascatur,
1023 1557 1111 1643 quod
1143 1558 1302 1643 scriptum

181 1667 267 1733 duas
291 1665 446 1752 pluresve
469 1687 522 1732 res
546 1665 723 1749 significat.

271 1773 398 1853 Quarta
422 1773 584 1859 quaestio,
614 1793 679 1859 quo
703 1771 801 1840 modo
827 1772 1003 1855 significet,
1038 1792 1112 1838 cum
1136 1773 1230 1837 statu
1252 1769 1302 1837 le-

181 1901 260 1964 gum
291 1881 531 1946 contrariarum
564 1879 764 1946 conferenda
795 1881 855 1945 est.
901 1877 1054 1965 Namque
1086 1879 1139 1944 hic
1170 1879 1205 1943 in
1233 1876 1303 1942 dis-

181 1988 409 2074 ceptationem
439 1985 538 2068 cadit,
571 2007 635 2072 quo
667 1987 765 2052 modo
790 1985 880 2070 leges
903 1985 1090 2052 contrariae
1114 1985 1200 2052 tales
1224 2005 1303 2050 sen-

182 2094 307 2164 tentias
338 2094 513 2180 accipiant,
546 2097 585 2160 ut
617 2093 840 2179 discrepantia
868 2091 1014 2160 tollatur.
1060 2091 1169 2158 Huius
1192 2094 1304 2157 status

182 2200 359 2288 explicatio
382 2200 465 2287 ipsa,
491 2222 592 2286 quarn
607 2200 833 2282 Hermogenes
854 2200 1002 2285 praebet,
1028 2198 1304 2266 consuetudinem

181 2307 338 2395 loquendi
370 2308 557 2374 Stoicorum
584 2307 695 2393 prodit
725 2311 765 2394 (p.
785 2307 857 2391 141,
871 2308 920 2389 7);
959 2311 1021 2372 ἔστι
1145 2309 1304 2389 ἀινιινομίο

182 2417 242 2482 δύο
265 2420 285 2500 ἢ
309 2417 363 2480 καὶ
384 2416 539 2480 πλειόνων
562 2418 668 2498 ῥητῶν
690 2419 709 2498 ἢ
734 2416 787 2479 καὶ
811 2415 881 2485 ἑνὸς
906 2415 1129 2498 διαιρουμένου
1150 2415 1195 2496 μὴ
1213 2415 1306 2496 φύσει
1424 2420 1425 2423 ’

182 2523 365 2604 &venierat
389 2523 483 2586 κατὰ
511 2524 727 2605 περίστασιν
755 2523 790 2586 δὲ
812 2523 953 2606 μάχη.1)

273 2646 350 2712 Has·
380 2646 598 2732 quaestiones
628 2644 844 2712 Posidonium
878 2645 1116 2728 Hermagoram
1152 2648 1305 2709 secutum

184 2753 387 2838 distinxisse,
419 2753 452 2819 id
483 2752 571 2839 quod
595 2753 709 2818 Thiele
733 2753 914 2836 contendit,
923 2755 946 2835 ὁ)
969 2752 1027 2818 vix
1052 2755 1105 2818 est
1127 2751 1306 2837 probabile.

183 2861 271 2926 Nam
295 2859 350 2927 vel
371 2881 430 2946 per
453 2882 489 2926 se
512 2861 623 2926 minus
647 2859 825 2926 verisimile
850 2862 902 2926 est
924 2859 1158 2945 philosophum
1175 2859 1306 2924 rhetore

185 2971 321 3034 auctore
345 2968 395 3033 uti
419 2989 521 3053 quam
543 2966 709 3032 rhetorem
732 2965 929 3053 philosopho
955 2969 989 3031 et
1004 2968 1072 3031 iam
1087 2964 1307 3052 Chrysippum

186 3075 367 3161 compluria
390 3075 514 3160 scripta
537 3073 578 3140 de
602 3074 832 3157 ambiguitate,
858 3094 900 3138 ex
921 3094 988 3158 qua
1004 3071 1137 3158 quidem
1153 3093 1307 3158 quaeque

185 3182 413 3247 controversia
436 3181 549 3266 scripti
572 3181 742 3263 exsistit,⁶)
768 3179 995 3265 composuisse
1011 3181 1031 3260 q
1061 3182 1163 3264 atque
1186 3178 1221 3242 in
1244 3179 1308 3243 hac

184 3309 220 3354 re
243 3287 392 3354 rhetores
416 3288 459 3353 ad
475 3287 648 3375 Chrysippi
664 3288 802 3374 eiusque
820 3286 1055 3373 discipulorum
1071 3285 1308 3351 auctoritatem

277 3539 295 3608 ¹)
316 3535 622 3607 cr.ni0g.n.V11201‚
637 3537 685 3590 ubi
694 3537 767 3591 inter
776 3537 925 3608 Chrysippi
934 3536 1039 3606 scripta
1048 3535 1103 3589 hoc
1117 3537 1307 3589 enumeratur:

184 3630 246 3698 περὶ
264 3630 310 3680 toi
327 3629 383 3683 πῶς
401 3625 499 3679 ἕκαστα
518 3623 625 3695 λέγομεν
643 3629 688 3677 καὶ
707 3621 887 3693 διανοοίμεθα
906 3625 932 3679 ἁ.

279 3717 298 3787 q
317 3717 350 3771 V.
369 3715 461 3787 Epiot.
480 3731 555 3770 man.
574 3732 597 3770 c.
617 3715 676 3769 112.
714 3715 755 3769 cf.
775 3716 852 3770 Sext.
871 3715 950 3784 Emp.
976 3714 1039 3766 adv.
1058 3711 1147 3767 math.
1166 3711 1308 3778 t⁷n14793

187 3807 265 3862 Stob.
284 3806 364 3861 anth.
383 3822 410 3859 v.
429 3804 666 3875 11p.115,7W.;
685 3805 752 3859 Arn.
770 3804 803 3858 fr.
824 3805 910 3858 Stolo.
930 3819 956 3856 v.
975 3803 1036 3855 Iln.
1050 3800 1111 3854 251.

278 3894 296 3963 ³)
315 3894 463 3949 Demosth.
483 3893 602 3948 Timoor.
622 3893 726 3962 (XXIV)
745 3892 781 3946 33
791 3908 852 3963 sqq.

277 3983 297 4053 ⁴)
316 3983 415 4038 Prantl
434 3983 451 4038 l.
471 3983 517 4037 all
536 4000 564 4054 p.
576 3982 631 4036 leo
649 3983 713 4036 adn.
736 3982 795 4038 157.

277 4073 296 4142 ⁶)
314 4073 445 4142 Hermag.
465 4090 492 4143 p.
507 4071 566 4127 190.

277 4161 297 4224 ⁶)
318 4161 373 4217 Cio.
394 4162 428 4216 de
448 4178 487 4217 or.
506 4160 659 4226 1126,110.

279 4251 297 4320 ⁷)
317 4251 398 4322 Diog.
418 4251 450 4305 L.
463 4250 514 4304 VII
529 4251 588 4305 193.
