3224 5044
630 425 851 513 413*

93 693 96 698 ,
222 627 296 710 156,
315 625 375 692 32:
405 627 461 691 τὸν
483 627 631 711 καθαρὸν
659 629 713 692 καὶ
813 625 888 693 Son.
906 630 1053 693 controv.
1070 628 1083 692 I
1099 628 1120 693 2
1136 650 1167 714 p.
1183 627 1226 692 29
1242 627 1299 694 M.:

176 737 211 799 ἐκ
235 735 384 818 καθαροῦ
409 736 562 816 ἱερᾶσθαι.
593 737 712 819 πατέρα
767 732 930 800 Sacerdos
943 736 1039 800 casta
1056 735 1199 818 ecastis,
1217 755 1301 821 pura

174 867 219 912 τις
240 841 356 924 μοιχὸν
380 843 566 912 ἀποκτείνας
582 844 713 924 εἴργεται
768 842 909 927 spurio.
956 840 1002 907 Of.
1025 840 1102 907 ibid.
1125 862 1156 927 p.
1180 842 1232 907 94.

178 950 331 1032 ῑερᾶαδαι.

223 1073 295 1158 157,
310 1073 363 1139 15:
388 1075 563 1156 ζωγράφος
578 1075 711 1155 ναυάγια
810 1071 882 1138 Hoc
895 1073 1084 1159 exemplum
1093 1071 1299 1156 morisilliUS,

106 1258 108 1262 Α
176 1182 304 1263 γράψας
326 1180 390 1262 πρὸ
405 1186 470 1244 τῶν
485 1181 622 1263 λιμένων
640 1183 710 1245 ἀνέ-
767 1179 823 1265 qui
832 1179 1056 1267 compluribus
1064 1179 1146 1246 locis
1154 1180 1301 1266 pliorum

175 1289 259 1370 δηκε
282 1288 335 1351 καὶ
353 1288 493 1371 μηδενὸς
509 1290 712 1370 καταίροντος
766 1291 941 1353 auctorum
958 1286 1206 1374 significatur,¹)
1230 1307 1300 1352 me-

176 1395 341 1477 δημοσίων
355 1395 572 1478 ’ἀδικημάτων
593 1396 710 1477 φεύγει.
765 1395 904 1460 moriam
921 1394 1031 1478 asfelt,
1054 1414 1156 1480 quam
1172 1394 1214 1460 ob
1230 1414 1301 1460 rem

177 1499 223 1564 Of.
243 1498 314 1583 159,
330 1499 367 1571 6.,
765 1499 856 1567 istud
865 1521 996 1588 quoquo
1007 1501 1042 1566 in
1051 1499 1172 1566 scholis
1182 1500 1297 1566 tritum

766 1619 839 1674 esse
853 1607 940 1672 sumi
954 1607 1040 1674 licet.
1070 1605 1115 1674 cf.
1130 1607 1205 1673 Son.
1219 1627 1299 1672 con-

764 1718 848 1780 trov.
864 1713 895 1779 X
911 1716 931 1780 5
947 1736 978 1800 p.
994 1715 1059 1780 493
1077 1718 1112 1780 ot
1127 1714 1192 1780 515
1208 1713 1249 1778 M.

220 1839 362 1920 171,28:
380 1841 711 1925 ὀνομαστὶκωμῳδεϊν
809 1841 905 1906 Auct.
937 1840 981 1906 ad
1010 1838 1124 1904 Ηθ1.Ι
1155 1839 1207 1921 14,
1240 1839 1299 1904 24:

175 1947 308 2028 ὁνόμος
324 1948 483 2012 ἐκώλυσεν
503 1950 709 2032 αὐτοπροαώ-
764 1945 885 2012 Mimus
924 1946 1061 2033 quidam
1099 1945 1299 2012 nominatim
1347 2035 1350 2042 Ι

173 2077 244 2123 πως
267 2055 403 2135 εἰσάγων
425 2079 470 2124 τις
491 2054 571 2126 τοὺς
587 2080 709 2139 κωμῳ-
764 2055 902 2120 Accium
925 2057 1062 2140 poetam
1086 2051 1300 2139 compellavit

174 2161 351 2243 δονμένονς
373 2163 523 2243 ὑπάγεται
545 2169 591 2244 τῷ
607 2164 709 2246 νόμῳ,
763 2161 798 2226 in
812 2182 922 2227 socna.
955 2160 1039 2226 Cum
1056 2182 1095 2227 eo
1112 2161 1232 2226 Accius
1244 2160 1298 2224 in·

173 2268 220 2337 ὡς
243 2268 394 2350 ὀνομαστὶ
416 2270 600 2351 κωμῳδῶν.
763 2268 924 2334 iuriarum
948 2269 1026 2351 ag't.

221 2373 293 2457 172,
308 2375 366 2438 24;
391 2377 465 2458 ε’ξῆν
488 2377 709 2441 ἀποκτιννύναι
808 2375 993 2456 PS.-Quint.
1007 2374 1087 2442 decl.
1101 2375 1182 2440 248:
1207 2373 1298 2439 Exu-

172 2481 245 2552 τοὺς
267 2482 429 2552 κατιόντας
452 2484 607 2565 φυγάδας.
763 2482 829 2549 lem
837 2484 926 2549 intra
934 2481 1298 2569 fines(doprehensum)

763 2589 864 2656 liceat
892 2588 1047 2655 occidere.
1095 2587 1141 2655 of.
1164 2587 1241 2652 ibid.
1268 2587 1296 2652 d.

763 2696 838 2780 noc,
864 2696 939 2778 305,
964 2696 1038 2762 351.

263 2817 391 2886 Deinde
415 2821 538 2887 notatu
561 2819 698 2904 dignum
727 2825 779 2887 est
808 2842 850 2887 ex
878 2822 1079 2888 scholiastae
1104 2819 1297 2886 testimonio

173 2925 235 3007 (W.
251 2925 298 2991 IV
314 2927 368 3009 30)
392 2927 555 3013 quosdam
579 2927 620 2994 de
644 2928 790 2995 statibus
814 2927 972 3012 libellum,
998 2928 1056 3015 qui
1078 2927 1297 3010 Hermogenis

173 3031 288 3116 fertur,
312 3055 386 3100 osse
410 3033 559 3100 ciusdem
574 3034 804 3119 Hermogenis
830 3036 887 3121 qui
911 3036 951 3101 de
974 3035 1058 3100 ideis
1081 3034 1183 3100 libros
1207 3054 1296 3099 com-

171 3141 294 3224 posuit,
318 3161 471 3224 negasse.
507 3140 614 3222 Quam
639 3141 683 3207 ad
707 3142 896 3228 opinionem
912 3141 975 3206 hos
992 3141 1240 3206 existimatores
1257 3161 1296 3206 eo

172 3247 335 3312 adductos
352 3268 426 3314 esse
441 3251 534 3334 pute,
553 3248 641 3334 quod
656 3247 748 3315 illum
765 3251 958 3331 tractatum,
978 3269 1078 3334 quem
1091 3269 1133 3313 ex
1148 3247 1297 3333 antiquis

172 3353 301 3420 artibus
310 3358 506 3421 contextum
515 3356 855 3442 esseperspexissent,
864 3358 999 3421 auctore
1009 3355 1049 3421 de
1060 3353 1190 3421 dicendi
1197 3374 1297 3438 gene-

170 3460 262 3525 ribus
273 3460 432 3528 librorum
443 3459 637 3528 admirando
650 3461 822 3544 indignum
836 3462 1008 3528 haberent.
1021 3461 1137 3547 Neque
1147 3481 1225 3526 vero
1236 3459 1296 3525 du-

171 3565 347 3634 bitandum
360 3571 421 3652 est,
440 3569 519 3654 quin
537 3568 625 3634 idem
641 3568 867 3652 Hermogenes
885 3568 925 3634 de
943 3569 1090 3634 statibus
1108 3571 1142 3634 et
1159 3567 1199 3633 de
1212 3567 1296 3632 ideis

171 3675 371 3760 exposuerit,
385 3676 475 3761 quod
491 3677 526 3741 in
543 3675 607 3742 illis
622 3676 807 3742 tractandis
824 3675 888 3741 hae
902 3679 1017 3762 aperte
1030 3675 1262 3758 significantur
1272 3675 1296 3755 a)

260 3924 278 3993 ¹)
298 3925 354 3979 Cic.
381 3925 416 3980 de
440 3927 500 3980 nat.
520 3925 595 3980 deor.
614 3925 651 3978 111
670 3924 766 3990 37‚89.
791 3925 857 3979 Hor.
878 3940 962 3978 carm.
982 3924 994 3977 1
1012 3923 1037 3988 5,
1051 3922 1097 3989 13;
1117 3920 1295 3992 ep.113,20.

170 4012 247 4066 Pers.
260 4013 321 4067 188
339 4013 423 4082 (Jahn
442 4014 479 4069 ad
499 4014 526 4068 h.
540 4015 576 4083 l.].
595 4015 653 4069 Iuv.
667 4014 692 4069 V
706 4013 747 4079 14,
758 4013 819 4069 301.

259 4102 278 4171 ⁹)
298 4102 391 4156 Herm.
412 4103 459 4174 Sp.
473 4104 497 4157 ll
513 4103 570 4168 137,
582 4103 630 4158 23:
649 4104 832 4175 πραγματείαις
851 4141 857 4155 .
878 4141 884 4156 .
905 4098 973 4158 ἰδίας
985 4105 1030 4154 καὶ
1043 4101 1071 4153 oi)
1090 4103 1208 4171 σμικροῖς,
1222 4094 1247 4152 εἷ
1256 4099 1295 4168 μὴ

170 4194 279 4257 καὶτῆς
297 4193 418 4261 μεγίστης
440 4197 485 4245 καὶ
502 4189 662 4258 τελεωτάτηε
681 4190 751 4244 ἐστὶν
769 4191 783 4243 δ
802 4191 865 4262 περί
881 4211 910 4243 τε
928 4195 981 4243 τῶν
1000 4186 1075 4243 ἰδεῶν
1092 4193 1138 4244 τοῦ
1156 4187 1232 4259 λόγου
1250 4192 1296 4240 καὶ

168 4284 213 4346 τῆς
230 4279 342 4352 χρῆσται
361 4280 447 4334 αἰτῶν
466 4280 574 4348 ἑκάστης
591 4278 673 4351 λόγον.
