<?xml version="1.0" encoding="UTF-8"?>
<!DOCTYPE html PUBLIC "-//W3C//DTD XHTML 1.0 Transitional//EN"
    "http://www.w3.org/TR/xhtml1/DTD/xhtml1-transitional.dtd">
<html xmlns="http://www.w3.org/1999/xhtml" xml:lang="en" lang="en">
 <head>
  <title>
</title>
<meta http-equiv="Content-Type" content="text/html;charset=utf-8" />
  <meta name='ocr-system' content='tesseract 3.04.00' />
  <meta name='ocr-capabilities' content='ocr_page ocr_carea ocr_par ocr_line ocrx_word'/>
</head>
<body>
  <div class='ocr_page' id='page_1' title='image "./destatuumdoctri00jaengoog_0056.png"; bbox 0 0 3224 5044; ppageno 0'>
   <div class='ocr_carea' id='block_1_1' title="bbox 642 405 861 470">
    <p class='ocr_par' dir='ltr' id='par_1_1' title="bbox 642 405 861 470">
     <span class='ocr_line' id='line_1_1' title="bbox 642 405 861 470; baseline 0.009 -18"><span class='ocrx_word' id='word_1_1' title='bbox 642 405 861 470; x_wconf 65' lang='lat'><strong>--43„.</strong></span> 
     </span>
    </p>
   </div>
   <div class='ocr_carea' id='block_1_2' title="bbox 108 583 1388 4307">
    <p class='ocr_par' dir='ltr' id='par_1_2' title="bbox 128 583 1388 1631">
     <span class='ocr_line' id='line_1_2' title="bbox 189 583 1313 668; baseline 0.002 -22"><span class='ocrx_word' id='word_1_2' title='bbox 189 585 358 664; x_wconf 72' lang='grc' dir='ltr'><strong><em>φαίνεσθαι</em></strong></span> <span class='ocrx_word' id='word_1_3' title='bbox 380 583 434 647; x_wconf 83' lang='grc' dir='ltr'><strong>τὸν</strong></span> <span class='ocrx_word' id='word_1_4' title='bbox 457 585 585 665; x_wconf 73' lang='grc' dir='ltr'><em>λέγοντα</em></span> <span class='ocrx_word' id='word_1_5' title='bbox 609 585 663 648; x_wconf 83' lang='grc' dir='ltr'><strong>καὶ</strong></span> <span class='ocrx_word' id='word_1_6' title='bbox 685 585 720 648; x_wconf 86' lang='grc' dir='ltr'><strong>τὸ</strong></span> <span class='ocrx_word' id='word_1_7' title='bbox 743 586 824 667; x_wconf 83' lang='grc' dir='ltr'><strong><em>πρὸς</em></strong></span> <span class='ocrx_word' id='word_1_8' title='bbox 847 586 962 655; x_wconf 81' lang='grc' dir='ltr'><em>αὐτοὺς</em></span> <span class='ocrx_word' id='word_1_9' title='bbox 984 585 1219 668; x_wconf 78' lang='grc' dir='ltr'><em>ὑπολαμβάνειν</em></span> <span class='ocrx_word' id='word_1_10' title='bbox 1242 609 1313 655; x_wconf 84' lang='grc' dir='ltr'><strong>πως</strong></span> 
     </span>
     <span class='ocr_line' id='line_1_3' title="bbox 192 691 1388 774; baseline 0.002 -20"><span class='ocrx_word' id='word_1_11' title='bbox 192 692 367 754; x_wconf 72' lang='grc' dir='ltr'><em>διακεῖσθαι</em></span> <span class='ocrx_word' id='word_1_12' title='bbox 398 692 504 774; x_wconf 82' lang='grc' dir='ltr'><strong><em>αὐτόν,</em></strong></span> <span class='ocrx_word' id='word_1_13' title='bbox 536 691 617 773; x_wconf 83' lang='grc' dir='ltr'><em>πρὸς</em></span> <span class='ocrx_word' id='word_1_14' title='bbox 649 693 684 756; x_wconf 78' lang='grc' dir='ltr'><strong>δὲ</strong></span> <span class='ocrx_word' id='word_1_15' title='bbox 706 693 827 762; x_wconf 83' lang='grc' dir='ltr'><strong><em>τούτοις</em></strong></span> <span class='ocrx_word' id='word_1_16' title='bbox 851 693 905 756; x_wconf 82' lang='grc' dir='ltr'><strong>ἐὰν</strong></span> <span class='ocrx_word' id='word_1_17' title='bbox 929 693 982 756; x_wconf 79' lang='grc' dir='ltr'><strong>καὶ</strong></span> <span class='ocrx_word' id='word_1_18' title='bbox 1012 693 1100 756; x_wconf 83' lang='grc' dir='ltr'><strong><em>αὐτοὶ</em></strong></span> <span class='ocrx_word' id='word_1_19' title='bbox 1124 693 1315 774; x_wconf 79' lang='grc' dir='ltr'><strong><em>ὅιακείμενοί</em></strong></span> <span class='ocrx_word' id='word_1_20' title='bbox 1386 729 1388 735; x_wconf 91' lang='grc'><strong><em>·</em></strong></span> 
     </span>
     <span class='ocr_line' id='line_1_4' title="bbox 128 798 1313 885; baseline 0.002 -25"><span class='ocrx_word' id='word_1_21' title='bbox 128 875 134 885; x_wconf 42' lang='grc' dir='ltr'>Ι</span> <span class='ocrx_word' id='word_1_22' title='bbox 190 822 261 868; x_wconf 84' lang='grc' dir='ltr'><strong>πως</strong></span> <span class='ocrx_word' id='word_1_23' title='bbox 276 800 480 881; x_wconf 83' lang='grc' dir='ltr'><em>τυγχάνωσιν.</em></span> <span class='ocrx_word' id='word_1_24' title='bbox 504 799 538 861; x_wconf 85' lang='grc' dir='ltr'><strong>τὸ</strong></span> <span class='ocrx_word' id='word_1_25' title='bbox 561 799 621 880; x_wconf 78' lang='grc' dir='ltr'><strong>μὲν</strong></span> <span class='ocrx_word' id='word_1_26' title='bbox 644 798 702 862; x_wconf 78' lang='grc' dir='ltr'><strong>οὖν</strong></span> <span class='ocrx_word' id='word_1_27' title='bbox 722 801 814 864; x_wconf 83' lang='grc' dir='ltr'><strong><em>ποιόν</em></strong></span> <span class='ocrx_word' id='word_1_28' title='bbox 837 824 903 864; x_wconf 81' lang='grc' dir='ltr'><strong><em>τινα</em></strong></span> <span class='ocrx_word' id='word_1_29' title='bbox 926 801 1094 882; x_wconf 66' lang='grc' dir='ltr'><strong><em>φαίνεσθαι</em></strong></span> <span class='ocrx_word' id='word_1_30' title='bbox 1117 799 1170 863; x_wconf 84' lang='grc' dir='ltr'><strong>τὸν</strong></span> <span class='ocrx_word' id='word_1_31' title='bbox 1185 800 1313 880; x_wconf 77' lang='grc' dir='ltr'><strong><em>λέγοντα</em></strong></span> 
     </span>
     <span class='ocr_line' id='line_1_5' title="bbox 191 905 1314 989; baseline 0.001 -20"><span class='ocrx_word' id='word_1_32' title='bbox 191 907 431 988; x_wconf 80' lang='grc' dir='ltr'><em>χρησιμώτερον</em></span> <span class='ocrx_word' id='word_1_33' title='bbox 454 905 575 976; x_wconf 84' lang='grc' dir='ltr'><strong><em>εἰςτὰς</em></strong></span> <span class='ocrx_word' id='word_1_34' title='bbox 598 908 782 989; x_wconf 78' lang='grc' dir='ltr'><strong><em>συμβουλάς</em></strong></span> <span class='ocrx_word' id='word_1_35' title='bbox 805 909 893 980; x_wconf 79' lang='grc' dir='ltr'><strong><em>ἐστιν,</em></strong></span> <span class='ocrx_word' id='word_1_36' title='bbox 921 906 956 970; x_wconf 82' lang='grc' dir='ltr'><strong>τὸ</strong></span> <span class='ocrx_word' id='word_1_37' title='bbox 981 907 1016 970; x_wconf 80' lang='grc' dir='ltr'><strong>δὲ</strong></span> <span class='ocrx_word' id='word_1_38' title='bbox 1040 907 1218 970; x_wconf 70' lang='grc' dir='ltr'><em>διακεῖσθαί</em></span> <span class='ocrx_word' id='word_1_39' title='bbox 1241 931 1314 976; x_wconf 84' lang='grc' dir='ltr'><strong>πως</strong></span> 
     </span>
     <span class='ocr_line' id='line_1_6' title="bbox 190 1011 1313 1098; baseline 0.003 -25"><span class='ocrx_word' id='word_1_40' title='bbox 190 1013 244 1074; x_wconf 85' lang='grc' dir='ltr'><strong>τὸν</strong></span> <span class='ocrx_word' id='word_1_41' title='bbox 279 1013 438 1094; x_wconf 72' lang='grc' dir='ltr'><em>ἀκροατὴν</em></span> <span class='ocrx_word' id='word_1_42' title='bbox 470 1015 513 1082; x_wconf 82' lang='grc' dir='ltr'><strong>εἰς</strong></span> <span class='ocrx_word' id='word_1_43' title='bbox 542 1014 597 1083; x_wconf 85' lang='grc' dir='ltr'><strong>τὰς</strong></span> <span class='ocrx_word' id='word_1_44' title='bbox 628 1015 725 1083; x_wconf 80' lang='grc' dir='ltr'><strong><em>δίκας·</em></strong></span> <span class='ocrx_word' id='word_1_45' title='bbox 758 1015 792 1077; x_wconf 90' lang='lat' dir='ltr'><strong>et</strong></span> <span class='ocrx_word' id='word_1_46' title='bbox 824 1034 910 1098; x_wconf 91' lang='lat' dir='ltr'><strong>quae</strong></span> <span class='ocrx_word' id='word_1_47' title='bbox 946 1015 1140 1098; x_wconf 87' lang='lat' dir='ltr'><strong>sequuntur.</strong></span> <span class='ocrx_word' id='word_1_48' title='bbox 1197 1011 1313 1098; x_wconf 87' lang='lat' dir='ltr'><strong>Neque</strong></span> 
     </span>
     <span class='ocr_line' id='line_1_7' title="bbox 192 1119 1314 1185; baseline 0.003 -4"><span class='ocrx_word' id='word_1_49' title='bbox 192 1121 306 1183; x_wconf 85' lang='lat' dir='ltr'><strong>autern</strong></span> <span class='ocrx_word' id='word_1_50' title='bbox 341 1120 641 1184; x_wconf 87' lang='lat' dir='ltr'><strong>controversiarum</strong></span> <span class='ocrx_word' id='word_1_51' title='bbox 679 1119 875 1185; x_wconf 85' lang='lat' dir='ltr'><strong>divisionem</strong></span> <span class='ocrx_word' id='word_1_52' title='bbox 918 1120 1102 1185; x_wconf 89' lang='lat' dir='ltr'><strong>secundum</strong></span> <span class='ocrx_word' id='word_1_53' title='bbox 1137 1139 1211 1184; x_wconf 86' lang='lat' dir='ltr'><strong>eam</strong></span> <span class='ocrx_word' id='word_1_54' title='bbox 1244 1139 1314 1184; x_wconf 88' lang='lat' dir='ltr'><strong>rern</strong></span> 
     </span>
     <span class='ocr_line' id='line_1_8' title="bbox 193 1225 1313 1311; baseline 0.002 -23"><span class='ocrx_word' id='word_1_55' title='bbox 193 1228 309 1307; x_wconf 85' lang='lat' dir='ltr'><strong>argute</strong></span> <span class='ocrx_word' id='word_1_56' title='bbox 339 1226 574 1307; x_wconf 78' lang='lat' dir='ltr'>excogitatam,</span> <span class='ocrx_word' id='word_1_57' title='bbox 608 1225 739 1311; x_wconf 89' lang='lat' dir='ltr'><strong>qualem</strong></span> <span class='ocrx_word' id='word_1_58' title='bbox 763 1226 996 1309; x_wconf 79' lang='lat' dir='ltr'>Hermagorae,</span> <span class='ocrx_word' id='word_1_59' title='bbox 1029 1225 1225 1293; x_wconf 91' lang='lat' dir='ltr'><strong>Aristoteles</strong></span> <span class='ocrx_word' id='word_1_60' title='bbox 1254 1246 1313 1290; x_wconf 86' lang='lat' dir='ltr'><strong>ex·</strong></span> 
     </span>
     <span class='ocr_line' id='line_1_9' title="bbox 192 1330 1313 1419; baseline 0.003 -25"><span class='ocrx_word' id='word_1_61' title='bbox 192 1330 297 1412; x_wconf 89' lang='lat' dir='ltr'><strong>hibet,</strong></span> <span class='ocrx_word' id='word_1_62' title='bbox 322 1330 356 1396; x_wconf 93' lang='lat' dir='ltr'><strong>id</strong></span> <span class='ocrx_word' id='word_1_63' title='bbox 380 1331 468 1417; x_wconf 91' lang='lat' dir='ltr'><strong>quod</strong></span> <span class='ocrx_word' id='word_1_64' title='bbox 491 1353 559 1398; x_wconf 91' lang='lat' dir='ltr'><strong>non</strong></span> <span class='ocrx_word' id='word_1_65' title='bbox 584 1334 636 1398; x_wconf 88' lang='lat' dir='ltr'><strong>cst</strong></span> <span class='ocrx_word' id='word_1_66' title='bbox 659 1333 788 1417; x_wconf 90' lang='lat' dir='ltr'><strong>mirum,</strong></span> <span class='ocrx_word' id='word_1_67' title='bbox 819 1334 978 1419; x_wconf 91' lang='lat' dir='ltr'><strong>quoniam</strong></span> <span class='ocrx_word' id='word_1_68' title='bbox 1001 1334 1177 1398; x_wconf 74' lang='lat' dir='ltr'><strong>materiam</strong></span> <span class='ocrx_word' id='word_1_69' title='bbox 1202 1335 1313 1398; x_wconf 86' lang='lat' dir='ltr'><strong>ora-to-</strong></span> 
     </span>
     <span class='ocr_line' id='line_1_10' title="bbox 191 1437 1314 1525; baseline 0.002 -24"><span class='ocrx_word' id='word_1_70' title='bbox 191 1438 284 1520; x_wconf 86' lang='lat' dir='ltr'><strong>riam,</strong></span> <span class='ocrx_word' id='word_1_71' title='bbox 310 1459 411 1523; x_wconf 89' lang='lat' dir='ltr'><strong>quam</strong></span> <span class='ocrx_word' id='word_1_72' title='bbox 434 1439 564 1505; x_wconf 89' lang='lat' dir='ltr'><strong>ratione</strong></span> <span class='ocrx_word' id='word_1_73' title='bbox 588 1437 804 1525; x_wconf 75' lang='lat' dir='ltr'>doctrinaque</span> <span class='ocrx_word' id='word_1_74' title='bbox 828 1443 972 1505; x_wconf 83' lang='lat' dir='ltr'><strong>tractare</strong></span> <span class='ocrx_word' id='word_1_75' title='bbox 990 1439 1166 1521; x_wconf 77' lang='lat' dir='ltr'><strong>studuerit,</strong></span> <span class='ocrx_word' id='word_1_76' title='bbox 1199 1444 1314 1505; x_wconf 88' lang='lat' dir='ltr'><strong>tamen</strong></span> 
     </span>
     <span class='ocr_line' id='line_1_11' title="bbox 191 1545 1123 1631; baseline 0.003 -23"><span class='ocrx_word' id='word_1_77' title='bbox 191 1545 358 1610; x_wconf 77' lang='lat' dir='ltr'>subtiliter</span> <span class='ocrx_word' id='word_1_78' title='bbox 380 1546 494 1631; x_wconf 89' lang='lat' dir='ltr'><strong>partiri</strong></span> <span class='ocrx_word' id='word_1_79' title='bbox 517 1546 595 1611; x_wconf 90' lang='lat' dir='ltr'><strong>huic</strong></span> <span class='ocrx_word' id='word_1_80' title='bbox 618 1567 717 1612; x_wconf 90' lang='lat' dir='ltr'><strong>curae</strong></span> <span class='ocrx_word' id='word_1_81' title='bbox 741 1547 846 1613; x_wconf 89' lang='lat' dir='ltr'><strong>luisse</strong></span> <span class='ocrx_word' id='word_1_82' title='bbox 869 1568 937 1612; x_wconf 90' lang='lat' dir='ltr'><strong>non</strong></span> <span class='ocrx_word' id='word_1_83' title='bbox 961 1546 1123 1612; x_wconf 87' lang='lat' dir='ltr'><strong>videmus.</strong></span> 
     </span>
    </p>

    <p class='ocr_par' dir='ltr' id='par_1_3' title="bbox 191 1651 1315 2058">
     <span class='ocr_line' id='line_1_12' title="bbox 282 1651 1313 1740; baseline 0.001 -23"><span class='ocrx_word' id='word_1_84' title='bbox 282 1651 408 1732; x_wconf 81' lang='lat' dir='ltr'><strong>Quibus</strong></span> <span class='ocrx_word' id='word_1_85' title='bbox 438 1652 537 1718; x_wconf 87' lang='lat' dir='ltr'><strong>rebus</strong></span> <span class='ocrx_word' id='word_1_86' title='bbox 569 1655 603 1718; x_wconf 90' lang='lat' dir='ltr'><strong>in</strong></span> <span class='ocrx_word' id='word_1_87' title='bbox 639 1655 920 1740; x_wconf 89' lang='lat' dir='ltr'><strong>comparationem</strong></span> <span class='ocrx_word' id='word_1_88' title='bbox 953 1655 1083 1720; x_wconf 88' lang='lat' dir='ltr'><strong>vocatis</strong></span> <span class='ocrx_word' id='word_1_89' title='bbox 1114 1656 1231 1736; x_wconf 89' lang='lat' dir='ltr'><strong>restat,</strong></span> <span class='ocrx_word' id='word_1_90' title='bbox 1266 1657 1313 1736; x_wconf 89' lang='lat' dir='ltr'><strong>ut,</strong></span> 
     </span>
     <span class='ocr_line' id='line_1_13' title="bbox 193 1760 1314 1846; baseline 0.002 -23"><span class='ocrx_word' id='word_1_91' title='bbox 193 1779 279 1844; x_wconf 89' lang='lat' dir='ltr'><strong>quae</strong></span> <span class='ocrx_word' id='word_1_92' title='bbox 303 1760 447 1842; x_wconf 82' lang='lat' dir='ltr'><strong>vestigia</strong></span> <span class='ocrx_word' id='word_1_93' title='bbox 465 1761 653 1826; x_wconf 87' lang='lat' dir='ltr'><strong>Aristotelis</strong></span> <span class='ocrx_word' id='word_1_94' title='bbox 678 1761 847 1826; x_wconf 90' lang='lat' dir='ltr'><strong>doctrinae</strong></span> <span class='ocrx_word' id='word_1_95' title='bbox 871 1761 906 1825; x_wconf 91' lang='lat' dir='ltr'><strong>in</strong></span> <span class='ocrx_word' id='word_1_96' title='bbox 930 1764 1082 1826; x_wconf 87' lang='lat' dir='ltr'><strong>statuum</strong></span> <span class='ocrx_word' id='word_1_97' title='bbox 1107 1761 1314 1846; x_wconf 75' lang='lat' dir='ltr'><strong>expositione</strong></span> 
     </span>
     <span class='ocr_line' id='line_1_14' title="bbox 192 1864 1315 1954; baseline 0.002 -24"><span class='ocrx_word' id='word_1_98' title='bbox 192 1867 266 1951; x_wconf 90' lang='lat' dir='ltr'><strong>ipsa</strong></span> <span class='ocrx_word' id='word_1_99' title='bbox 297 1864 522 1949; x_wconf 83' lang='lat' dir='ltr'>Hermagorae</span> <span class='ocrx_word' id='word_1_100' title='bbox 555 1871 699 1948; x_wconf 85' lang='lat' dir='ltr'><strong>exstent,</strong></span> <span class='ocrx_word' id='word_1_101' title='bbox 733 1869 960 1954; x_wconf 84' lang='lat' dir='ltr'><strong>anquiramus,</strong></span> <span class='ocrx_word' id='word_1_102' title='bbox 997 1866 1108 1954; x_wconf 92' lang='lat' dir='ltr'><strong>quoad</strong></span> <span class='ocrx_word' id='word_1_103' title='bbox 1140 1869 1210 1933; x_wconf 89' lang='lat' dir='ltr'><strong>eius</strong></span> <span class='ocrx_word' id='word_1_104' title='bbox 1241 1866 1315 1932; x_wconf 83' lang='lat' dir='ltr'><strong>fieri</strong></span> 
     </span>
     <span class='ocr_line' id='line_1_15' title="bbox 191 1972 894 2058; baseline 0.001 -21"><span class='ocrx_word' id='word_1_105' title='bbox 191 1975 313 2058; x_wconf 90' lang='lat' dir='ltr'><strong>potest.</strong></span> <span class='ocrx_word' id='word_1_106' title='bbox 360 1972 452 2038; x_wconf 87' lang='lat' dir='ltr'><strong>Haec</strong></span> <span class='ocrx_word' id='word_1_107' title='bbox 475 1973 545 2039; x_wconf 82' lang='lat' dir='ltr'><strong>fere</strong></span> <span class='ocrx_word' id='word_1_108' title='bbox 569 1975 672 2057; x_wconf 83' lang='lat' dir='ltr'><strong>igitur</strong></span> <span class='ocrx_word' id='word_1_109' title='bbox 695 1975 894 2040; x_wconf 82' lang='lat' dir='ltr'><strong>invenimus</strong></span> 
     </span>
    </p>

    <p class='ocr_par' dir='ltr' id='par_1_4' title="bbox 191 2079 1317 3558">
     <span class='ocr_line' id='line_1_16' title="bbox 281 2079 1314 2168; baseline 0.001 -24"><span class='ocrx_word' id='word_1_110' title='bbox 281 2079 303 2144; x_wconf 92' lang='lat' dir='ltr'><strong>I.</strong></span> <span class='ocrx_word' id='word_1_111' title='bbox 326 2082 523 2165; x_wconf 77' lang='grc' dir='ltr'><strong><em>Στοχασμός.</em></strong></span> <span class='ocrx_word' id='word_1_112' title='bbox 559 2081 620 2146; x_wconf 93' lang='lat' dir='ltr'><strong>Hic</strong></span> <span class='ocrx_word' id='word_1_113' title='bbox 644 2083 824 2168; x_wconf 86' lang='lat' dir='ltr'><strong>quaeritur,</strong></span> <span class='ocrx_word' id='word_1_114' title='bbox 850 2104 891 2148; x_wconf 90' lang='lat' dir='ltr'><strong>ex</strong></span> <span class='ocrx_word' id='word_1_115' title='bbox 915 2081 1035 2167; x_wconf 87' lang='lat' dir='ltr'><strong>quibus</strong></span> <span class='ocrx_word' id='word_1_116' title='bbox 1060 2081 1162 2164; x_wconf 81' lang='lat' dir='ltr'><strong>signis</strong></span> <span class='ocrx_word' id='word_1_117' title='bbox 1186 2081 1241 2145; x_wconf 93' lang='lat' dir='ltr'><strong>vel</strong></span> <span class='ocrx_word' id='word_1_118' title='bbox 1263 2082 1314 2145; x_wconf 93' lang='lat' dir='ltr'><strong>in-</strong></span> 
     </span>
     <span class='ocr_line' id='line_1_17' title="bbox 193 2185 1315 2274; baseline 0.002 -24"><span class='ocrx_word' id='word_1_119' title='bbox 193 2185 286 2252; x_wconf 87' lang='lat' dir='ltr'><strong>diciis</strong></span> <span class='ocrx_word' id='word_1_120' title='bbox 309 2185 437 2253; x_wconf 83' lang='lat' dir='ltr'><strong>factum</strong></span> <span class='ocrx_word' id='word_1_121' title='bbox 462 2187 629 2273; x_wconf 89' lang='lat' dir='ltr'>quoddam</span> <span class='ocrx_word' id='word_1_122' title='bbox 654 2189 757 2254; x_wconf 91' lang='lat' dir='ltr'><strong>conici</strong></span> <span class='ocrx_word' id='word_1_123' title='bbox 773 2189 887 2274; x_wconf 86' lang='lat' dir='ltr'><strong>possit.</strong></span> <span class='ocrx_word' id='word_1_124' title='bbox 920 2190 989 2254; x_wconf 90' lang='lat' dir='ltr'><strong>lam</strong></span> <span class='ocrx_word' id='word_1_125' title='bbox 1007 2189 1080 2272; x_wconf 89' lang='lat' dir='ltr'><strong>etsi,</strong></span> <span class='ocrx_word' id='word_1_126' title='bbox 1104 2209 1171 2274; x_wconf 92' lang='lat' dir='ltr'><strong>qua</strong></span> <span class='ocrx_word' id='word_1_127' title='bbox 1186 2190 1315 2253; x_wconf 87' lang='lat' dir='ltr'><strong>ratione</strong></span> 
     </span>
     <span class='ocr_line' id='line_1_18' title="bbox 192 2292 1315 2382; baseline 0.004 -25"><span class='ocrx_word' id='word_1_128' title='bbox 192 2292 416 2379; x_wconf 82' lang='lat' dir='ltr'>Hermagoras</span> <span class='ocrx_word' id='word_1_129' title='bbox 441 2295 589 2378; x_wconf 82' lang='lat' dir='ltr'><strong>singulos</strong></span> <span class='ocrx_word' id='word_1_130' title='bbox 614 2298 725 2360; x_wconf 87' lang='lat' dir='ltr'><strong>status</strong></span> <span class='ocrx_word' id='word_1_131' title='bbox 742 2295 945 2382; x_wconf 84' lang='lat' dir='ltr'><strong>explicuerit,</strong></span> <span class='ocrx_word' id='word_1_132' title='bbox 969 2317 1076 2382; x_wconf 88' lang='lat' dir='ltr'><strong>paene</strong></span> <span class='ocrx_word' id='word_1_133' title='bbox 1092 2295 1174 2361; x_wconf 93' lang='lat' dir='ltr'><strong>nihil</strong></span> <span class='ocrx_word' id='word_1_134' title='bbox 1190 2317 1315 2361; x_wconf 88' lang='lat' dir='ltr'>memo-</span> 
     </span>
     <span class='ocr_line' id='line_1_19' title="bbox 193 2401 1315 2488; baseline 0 -21"><span class='ocrx_word' id='word_1_135' title='bbox 193 2401 261 2467; x_wconf 90' lang='lat' dir='ltr'><strong>riae</strong></span> <span class='ocrx_word' id='word_1_136' title='bbox 284 2401 451 2486; x_wconf 92' lang='lat' dir='ltr'><strong>proditum</strong></span> <span class='ocrx_word' id='word_1_137' title='bbox 475 2405 536 2483; x_wconf 86' lang='lat' dir='ltr'><strong>est,</strong></span> <span class='ocrx_word' id='word_1_138' title='bbox 561 2406 677 2468; x_wconf 90' lang='lat' dir='ltr'><strong>tamen</strong></span> <span class='ocrx_word' id='word_1_139' title='bbox 700 2424 766 2469; x_wconf 91' lang='lat' dir='ltr'><strong>non</strong></span> <span class='ocrx_word' id='word_1_140' title='bbox 792 2402 994 2488; x_wconf 78' lang='lat' dir='ltr'><strong>dubitamuS,</strong></span> <span class='ocrx_word' id='word_1_141' title='bbox 1024 2403 1102 2488; x_wconf 91' lang='lat' dir='ltr'><strong>quin</strong></span> <span class='ocrx_word' id='word_1_142' title='bbox 1127 2403 1162 2468; x_wconf 90' lang='lat' dir='ltr'><strong>in</strong></span> <span class='ocrx_word' id='word_1_143' title='bbox 1186 2403 1315 2468; x_wconf 92' lang='lat' dir='ltr'><strong>coniec-</strong></span> 
     </span>
     <span class='ocr_line' id='line_1_20' title="bbox 194 2507 1314 2595; baseline 0.001 -23"><span class='ocrx_word' id='word_1_144' title='bbox 194 2511 271 2573; x_wconf 90' lang='lat' dir='ltr'><strong>tura</strong></span> <span class='ocrx_word' id='word_1_145' title='bbox 295 2507 491 2593; x_wconf 88' lang='lat' dir='ltr'><strong>enarranda,</strong></span> <span class='ocrx_word' id='word_1_146' title='bbox 524 2514 564 2574; x_wconf 93' lang='lat' dir='ltr'><strong>ut</strong></span> <span class='ocrx_word' id='word_1_147' title='bbox 592 2513 665 2575; x_wconf 87' lang='lat' dir='ltr'><strong>erat</strong></span> <span class='ocrx_word' id='word_1_148' title='bbox 688 2509 829 2592; x_wconf 82' lang='lat' dir='ltr'><strong>diligens</strong></span> <span class='ocrx_word' id='word_1_149' title='bbox 863 2513 896 2575; x_wconf 90' lang='lat' dir='ltr'><strong>et</strong></span> <span class='ocrx_word' id='word_1_150' title='bbox 924 2509 1196 2595; x_wconf 90' lang='lat' dir='ltr'><strong>philosophorum</strong></span> <span class='ocrx_word' id='word_1_151' title='bbox 1220 2531 1314 2574; x_wconf 87' lang='lat' dir='ltr'><strong>asse-</strong></span> 
     </span>
     <span class='ocr_line' id='line_1_21' title="bbox 194 2614 1315 2702; baseline 0.002 -23"><span class='ocrx_word' id='word_1_152' title='bbox 194 2614 279 2700; x_wconf 86' lang='lat' dir='ltr'><strong>cula,</strong></span> <span class='ocrx_word' id='word_1_153' title='bbox 304 2615 382 2700; x_wconf 92' lang='lat' dir='ltr'><strong>quid</strong></span> <span class='ocrx_word' id='word_1_154' title='bbox 399 2616 596 2682; x_wconf 87' lang='lat' dir='ltr'><strong>Aristoteles</strong></span> <span class='ocrx_word' id='word_1_155' title='bbox 621 2616 661 2681; x_wconf 94' lang='lat' dir='ltr'><strong>de</strong></span> <span class='ocrx_word' id='word_1_156' title='bbox 686 2617 780 2699; x_wconf 86' lang='lat' dir='ltr'><strong>signo</strong></span> <span class='ocrx_word' id='word_1_157' title='bbox 798 2616 955 2702; x_wconf 91' lang='lat' dir='ltr'><strong>docuerit,</strong></span> <span class='ocrx_word' id='word_1_158' title='bbox 980 2616 1169 2702; x_wconf 86' lang='lat' dir='ltr'><strong>respexerit.</strong></span> <span class='ocrx_word' id='word_1_159' title='bbox 1205 2618 1315 2701; x_wconf 85' lang='lat' dir='ltr'><strong>Atque</strong></span> 
     </span>
     <span class='ocr_line' id='line_1_22' title="bbox 193 2721 1317 2810; baseline 0.002 -24"><span class='ocrx_word' id='word_1_160' title='bbox 193 2722 278 2787; x_wconf 89' lang='lat' dir='ltr'><strong>haec</strong></span> <span class='ocrx_word' id='word_1_161' title='bbox 302 2722 406 2788; x_wconf 93' lang='lat' dir='ltr'>verba</span> <span class='ocrx_word' id='word_1_162' title='bbox 430 2722 625 2802; x_wconf 80' lang='lat' dir='ltr'><strong>Quintiliani</strong></span> <span class='ocrx_word' id='word_1_163' title='bbox 650 2721 691 2810; x_wconf 85' lang='lat' dir='ltr'><strong>(V</strong></span> <span class='ocrx_word' id='word_1_164' title='bbox 707 2723 737 2806; x_wconf 79' lang='lat'><strong>9,</strong></span> <span class='ocrx_word' id='word_1_165' title='bbox 753 2725 821 2810; x_wconf 78' lang='lat'><strong>12):</strong></span> <span class='ocrx_word' id='word_1_166' title='bbox 872 2723 1012 2790; x_wconf 81' lang='lat' dir='ltr'><strong>»Horum</strong></span> <span class='ocrx_word' id='word_1_167' title='bbox 1037 2775 1042 2788; x_wconf 95' lang='lat'><strong>.</strong></span> <span class='ocrx_word' id='word_1_168' title='bbox 1068 2774 1084 2804; x_wconf 93' lang='lat'><strong>.,</strong></span> <span class='ocrx_word' id='word_1_169' title='bbox 1110 2743 1196 2810; x_wconf 90' lang='lat' dir='ltr'><strong>quae</strong></span> <span class='ocrx_word' id='word_1_170' title='bbox 1221 2723 1317 2805; x_wconf 85' lang='lat' dir='ltr'><strong>signa</strong></span> 
     </span>
     <span class='ocr_line' id='line_1_23' title="bbox 195 2829 1316 2916; baseline 0.001 -23"><span class='ocrx_word' id='word_1_171' title='bbox 195 2832 275 2894; x_wconf 90' lang='lat' dir='ltr'><strong>sunt</strong></span> <span class='ocrx_word' id='word_1_172' title='bbox 299 2829 441 2916; x_wconf 91' lang='lat' dir='ltr'><strong>quidem,</strong></span> <span class='ocrx_word' id='word_1_173' title='bbox 475 2830 533 2896; x_wconf 89' lang='lat' dir='ltr'><strong>sed</strong></span> <span class='ocrx_word' id='word_1_174' title='bbox 557 2852 624 2896; x_wconf 89' lang='lat' dir='ltr'><strong>non</strong></span> <span class='ocrx_word' id='word_1_175' title='bbox 650 2831 718 2896; x_wconf 86' lang='lat' dir='ltr'><strong>sint</strong></span> <span class='ocrx_word' id='word_1_176' title='bbox 740 2831 939 2913; x_wconf 86' lang='lat' dir='ltr'><strong>necessaria,</strong></span> <span class='ocrx_word' id='word_1_177' title='bbox 965 2851 1071 2913; x_wconf 85' lang='lat' dir='ltr'><strong>genus</strong></span> <span class='ocrx_word' id='word_1_178' title='bbox 1093 2830 1316 2913; x_wconf 84' lang='lat' dir='ltr'>Hermagoras</span> 
     </span>
     <span class='ocr_line' id='line_1_24' title="bbox 191 2937 1316 3024; baseline 0.002 -24"><span class='ocrx_word' id='word_1_179' title='bbox 191 2938 302 3021; x_wconf 89' lang='lat' dir='ltr'><strong>putat,</strong></span> <span class='ocrx_word' id='word_1_180' title='bbox 328 2958 395 3001; x_wconf 91' lang='lat' dir='ltr'><strong>non</strong></span> <span class='ocrx_word' id='word_1_181' title='bbox 420 2957 493 3002; x_wconf 87' lang='lat' dir='ltr'><strong>esse</strong></span> <span class='ocrx_word' id='word_1_182' title='bbox 517 2937 678 3020; x_wconf 84' lang='lat' dir='ltr'><strong>virginem</strong></span> <span class='ocrx_word' id='word_1_183' title='bbox 705 2939 911 3018; x_wconf 85' lang='lat' dir='ltr'><strong>Atalantam,</strong></span> <span class='ocrx_word' id='word_1_184' title='bbox 937 2939 1015 3024; x_wconf 89' lang='lat' dir='ltr'><strong>quia</strong></span> <span class='ocrx_word' id='word_1_185' title='bbox 1040 2960 1114 3005; x_wconf 90' lang='lat' dir='ltr'><strong>cum</strong></span> <span class='ocrx_word' id='word_1_186' title='bbox 1138 2938 1316 3003; x_wconf 89' lang='lat' dir='ltr'><strong>iuvenibus</strong></span> 
     </span>
     <span class='ocr_line' id='line_1_25' title="bbox 195 3042 1316 3130; baseline 0.001 -22"><span class='ocrx_word' id='word_1_187' title='bbox 195 3063 253 3128; x_wconf 91' lang='lat' dir='ltr'><strong>per</strong></span> <span class='ocrx_word' id='word_1_188' title='bbox 281 3042 384 3108; x_wconf 88' lang='lat' dir='ltr'><strong>silvas</strong></span> <span class='ocrx_word' id='word_1_189' title='bbox 408 3047 576 3127; x_wconf 80' lang='lat' dir='ltr'><strong>vagetur«</strong></span> <span class='ocrx_word' id='word_1_190' title='bbox 627 3043 820 3126; x_wconf 79' lang='lat' dir='ltr'><strong>significant</strong></span> <span class='ocrx_word' id='word_1_191' title='bbox 850 3043 972 3109; x_wconf 87' lang='lat' dir='ltr'><strong>saltem</strong></span> <span class='ocrx_word' id='word_1_192' title='bbox 1002 3046 1043 3125; x_wconf 94' lang='lat' dir='ltr'><strong>id,</strong></span> <span class='ocrx_word' id='word_1_193' title='bbox 1076 3043 1165 3130; x_wconf 93' lang='lat' dir='ltr'><strong>quod</strong></span> <span class='ocrx_word' id='word_1_194' title='bbox 1187 3046 1316 3110; x_wconf 84' lang='lat' dir='ltr'><strong>Aristo-</strong></span> 
     </span>
     <span class='ocr_line' id='line_1_26' title="bbox 196 3149 1316 3238; baseline 0.001 -24"><span class='ocrx_word' id='word_1_195' title='bbox 196 3149 279 3215; x_wconf 90' lang='lat' dir='ltr'><strong>teles</strong></span> <span class='ocrx_word' id='word_1_196' title='bbox 304 3149 343 3214; x_wconf 94' lang='lat' dir='ltr'><strong>de</strong></span> <span class='ocrx_word' id='word_1_197' title='bbox 369 3152 471 3234; x_wconf 83' lang='lat' dir='ltr'><strong>signis</strong></span> <span class='ocrx_word' id='word_1_198' title='bbox 495 3152 659 3237; x_wconf 88' lang='lat' dir='ltr'><strong>exposuit.</strong></span> <span class='ocrx_word' id='word_1_199' title='bbox 694 3150 778 3216; x_wconf 89' lang='lat' dir='ltr'><strong>lllud</strong></span> <span class='ocrx_word' id='word_1_200' title='bbox 803 3151 891 3216; x_wconf 90' lang='lat' dir='ltr'><strong>enim</strong></span> <span class='ocrx_word' id='word_1_201' title='bbox 915 3151 1104 3238; x_wconf 91' lang='lat' dir='ltr'><strong>exemplum</strong></span> <span class='ocrx_word' id='word_1_202' title='bbox 1127 3151 1162 3216; x_wconf 94' lang='lat' dir='ltr'><strong>in</strong></span> <span class='ocrx_word' id='word_1_203' title='bbox 1186 3172 1224 3216; x_wconf 95' lang='lat' dir='ltr'><strong>eo</strong></span> <span class='ocrx_word' id='word_1_204' title='bbox 1242 3172 1316 3215; x_wconf 91' lang='lat' dir='ltr'><strong>ver-</strong></span> 
     </span>
     <span class='ocr_line' id='line_1_27' title="bbox 195 3258 1317 3345; baseline 0.002 -25"><span class='ocrx_word' id='word_1_205' title='bbox 195 3258 285 3341; x_wconf 91' lang='lat' dir='ltr'><strong>titur,</strong></span> <span class='ocrx_word' id='word_1_206' title='bbox 320 3258 408 3344; x_wconf 89' lang='lat' dir='ltr'><strong>quod</strong></span> <span class='ocrx_word' id='word_1_207' title='bbox 440 3279 507 3323; x_wconf 91' lang='lat' dir='ltr'><strong>non</strong></span> <span class='ocrx_word' id='word_1_208' title='bbox 540 3259 646 3323; x_wconf 87' lang='lat' dir='ltr'><strong>cuivis</strong></span> <span class='ocrx_word' id='word_1_209' title='bbox 670 3259 797 3341; x_wconf 85' lang='lat' dir='ltr'><strong>virgini,</strong></span> <span class='ocrx_word' id='word_1_210' title='bbox 831 3279 918 3345; x_wconf 89' lang='lat' dir='ltr'><strong>quae</strong></span> <span class='ocrx_word' id='word_1_211' title='bbox 947 3279 1022 3324; x_wconf 92' lang='lat' dir='ltr'><strong>cum</strong></span> <span class='ocrx_word' id='word_1_212' title='bbox 1050 3258 1228 3323; x_wconf 90' lang='lat' dir='ltr'><strong>iuvenibus</strong></span> <span class='ocrx_word' id='word_1_213' title='bbox 1259 3279 1317 3342; x_wconf 89' lang='lat' dir='ltr'><strong>per</strong></span> 
     </span>
     <span class='ocr_line' id='line_1_28' title="bbox 196 3363 1316 3451; baseline 0.004 -23"><span class='ocrx_word' id='word_1_214' title='bbox 196 3363 299 3430; x_wconf 91' lang='lat' dir='ltr'><strong>silvas</strong></span> <span class='ocrx_word' id='word_1_215' title='bbox 322 3369 476 3448; x_wconf 84' lang='lat' dir='ltr'><strong>vagatur,</strong></span> <span class='ocrx_word' id='word_1_216' title='bbox 502 3366 676 3447; x_wconf 80' lang='lat' dir='ltr'><strong>virginitas</strong></span> <span class='ocrx_word' id='word_1_217' title='bbox 701 3367 845 3451; x_wconf 87' lang='lat' dir='ltr'><strong>eripitur.</strong></span> <span class='ocrx_word' id='word_1_218' title='bbox 883 3365 946 3433; x_wconf 89' lang='lat' dir='ltr'><strong>Hic</strong></span> <span class='ocrx_word' id='word_1_219' title='bbox 968 3366 1069 3448; x_wconf 79' lang='lat' dir='ltr'><strong>igitur</strong></span> <span class='ocrx_word' id='word_1_220' title='bbox 1092 3366 1222 3449; x_wconf 85' lang='lat' dir='ltr'><strong>signum</strong></span> <span class='ocrx_word' id='word_1_221' title='bbox 1248 3365 1316 3432; x_wconf 85' lang='lat' dir='ltr'><strong>ele-</strong></span> 
     </span>
     <span class='ocr_line' id='line_1_29' title="bbox 197 3472 1317 3558; baseline 0.004 -23"><span class='ocrx_word' id='word_1_222' title='bbox 197 3472 268 3536; x_wconf 86' lang='lat' dir='ltr'><strong>vari</strong></span> <span class='ocrx_word' id='word_1_223' title='bbox 284 3475 407 3558; x_wconf 89' lang='lat' dir='ltr'><strong>potest,</strong></span> <span class='ocrx_word' id='word_1_224' title='bbox 432 3494 518 3558; x_wconf 86' lang='lat' dir='ltr'><strong>quae</strong></span> <span class='ocrx_word' id='word_1_225' title='bbox 534 3473 666 3558; x_wconf 88' lang='lat' dir='ltr'><strong>quidem</strong></span> <span class='ocrx_word' id='word_1_226' title='bbox 684 3494 738 3538; x_wconf 91' lang='lat' dir='ltr'><strong>res</strong></span> <span class='ocrx_word' id='word_1_227' title='bbox 754 3476 862 3538; x_wconf 85' lang='lat' dir='ltr'><strong>totam</strong></span> <span class='ocrx_word' id='word_1_228' title='bbox 880 3473 1139 3539; x_wconf 88' lang='lat' dir='ltr'><strong>controversiam</strong></span> <span class='ocrx_word' id='word_1_229' title='bbox 1155 3473 1317 3554; x_wconf 89' lang='lat' dir='ltr'><strong>continet;</strong></span> 
     </span>
    </p>

    <p class='ocr_par' dir='ltr' id='par_1_5' title="bbox 108 3579 1319 4307">
     <span class='ocr_line' id='line_1_30' title="bbox 197 3579 1316 3663; baseline 0.001 -20"><span class='ocrx_word' id='word_1_230' title='bbox 197 3599 284 3660; x_wconf 91' lang='lat' dir='ltr'><strong>nam,</strong></span> <span class='ocrx_word' id='word_1_231' title='bbox 310 3582 349 3643; x_wconf 84' lang='lat' dir='ltr'><strong>ut</strong></span> <span class='ocrx_word' id='word_1_232' title='bbox 365 3579 559 3658; x_wconf 75' lang='lat' dir='ltr'><strong>Quintiliani</strong></span> <span class='ocrx_word' id='word_1_233' title='bbox 574 3579 685 3644; x_wconf 89' lang='lat' dir='ltr'><strong>verbis</strong></span> <span class='ocrx_word' id='word_1_234' title='bbox 710 3584 795 3660; x_wconf 88' lang='lat' dir='ltr'><strong>utar,</strong></span> <span class='ocrx_word' id='word_1_235' title='bbox 821 3580 878 3644; x_wconf 92' lang='lat' dir='ltr'><strong>ubi</strong></span> <span class='ocrx_word' id='word_1_236' title='bbox 902 3584 955 3645; x_wconf 85' lang='lat' dir='ltr'><strong>est</strong></span> <span class='ocrx_word' id='word_1_237' title='bbox 978 3580 1110 3662; x_wconf 84' lang='lat' dir='ltr'><strong>signum</strong></span> <span class='ocrx_word' id='word_1_238' title='bbox 1130 3579 1316 3663; x_wconf 90' lang='lat' dir='ltr'><strong>insolubile,</strong></span> 
     </span>
     <span class='ocr_line' id='line_1_31' title="bbox 108 3669 1317 3772; baseline 0.001 -23"><span class='ocrx_word' id='word_1_239' title='bbox 108 3669 113 3677; x_wconf 44' lang='lat'>¹</span> <span class='ocrx_word' id='word_1_240' title='bbox 197 3684 243 3749; x_wconf 92' lang='lat' dir='ltr'><strong>ibi</strong></span> <span class='ocrx_word' id='word_1_241' title='bbox 266 3707 308 3750; x_wconf 90' lang='lat' dir='ltr'><strong>ne</strong></span> <span class='ocrx_word' id='word_1_242' title='bbox 331 3685 372 3751; x_wconf 87' lang='lat' dir='ltr'><strong>lis</strong></span> <span class='ocrx_word' id='word_1_243' title='bbox 397 3685 529 3771; x_wconf 89' lang='lat' dir='ltr'><strong>quidem</strong></span> <span class='ocrx_word' id='word_1_244' title='bbox 554 3691 607 3752; x_wconf 87' lang='lat' dir='ltr'><strong>est</strong></span> <span class='ocrx_word' id='word_1_245' title='bbox 638 3687 679 3768; x_wconf 87' lang='lat' dir='ltr'><strong>(V</strong></span> <span class='ocrx_word' id='word_1_246' title='bbox 700 3687 730 3770; x_wconf 87' lang='lat'><strong>9,</strong></span> <span class='ocrx_word' id='word_1_247' title='bbox 750 3686 790 3772; x_wconf 81' lang='lat'><strong>3).</strong></span> <span class='ocrx_word' id='word_1_248' title='bbox 836 3689 947 3772; x_wconf 87' lang='lat' dir='ltr'><strong>Atque</strong></span> <span class='ocrx_word' id='word_1_249' title='bbox 979 3707 1053 3752; x_wconf 91' lang='lat' dir='ltr'><strong>eam</strong></span> <span class='ocrx_word' id='word_1_250' title='bbox 1085 3691 1241 3750; x_wconf 90' lang='lat' dir='ltr'><strong>naturam</strong></span> <span class='ocrx_word' id='word_1_251' title='bbox 1273 3686 1317 3750; x_wconf 90' lang='lat' dir='ltr'><strong>si-</strong></span> 
     </span>
     <span class='ocr_line' id='line_1_32' title="bbox 197 3792 1317 3880; baseline -0.001 -22"><span class='ocrx_word' id='word_1_252' title='bbox 197 3814 347 3877; x_wconf 83' lang='lat' dir='ltr'><strong>gnorum,</strong></span> <span class='ocrx_word' id='word_1_253' title='bbox 373 3816 459 3880; x_wconf 92' lang='lat' dir='ltr'><strong>quae</strong></span> <span class='ocrx_word' id='word_1_254' title='bbox 476 3797 649 3879; x_wconf 89' lang='lat' dir='ltr'><strong>tamquam</strong></span> <span class='ocrx_word' id='word_1_255' title='bbox 667 3815 784 3859; x_wconf 89' lang='lat' dir='ltr'><strong>ansam</strong></span> <span class='ocrx_word' id='word_1_256' title='bbox 803 3793 861 3858; x_wconf 90' lang='lat' dir='ltr'><strong>dat</strong></span> <span class='ocrx_word' id='word_1_257' title='bbox 877 3792 920 3858; x_wconf 91' lang='lat' dir='ltr'><strong>ad</strong></span> <span class='ocrx_word' id='word_1_258' title='bbox 936 3792 1161 3875; x_wconf 83' lang='lat' dir='ltr'><strong>refellendum,</strong></span> <span class='ocrx_word' id='word_1_259' title='bbox 1186 3794 1317 3857; x_wconf 89' lang='lat' dir='ltr'><strong>Aristo-</strong></span> 
     </span>
     <span class='ocr_line' id='line_1_33' title="bbox 197 3899 1318 3986; baseline -0.001 -22"><span class='ocrx_word' id='word_1_260' title='bbox 197 3899 281 3965; x_wconf 86' lang='lat' dir='ltr'><strong>teles</strong></span> <span class='ocrx_word' id='word_1_261' title='bbox 313 3901 346 3964; x_wconf 91' lang='lat' dir='ltr'><strong>in</strong></span> <span class='ocrx_word' id='word_1_262' title='bbox 374 3902 457 3966; x_wconf 88' lang='lat' dir='ltr'><strong>rhet.</strong></span> <span class='ocrx_word' id='word_1_263' title='bbox 479 3903 510 3964; x_wconf 88' lang='lat' dir='ltr'><em>B</em></span> <span class='ocrx_word' id='word_1_264' title='bbox 533 3902 575 3965; x_wconf 80' lang='lat'><strong>25</strong></span> <span class='ocrx_word' id='word_1_265' title='bbox 604 3923 633 3986; x_wconf 92' lang='lat' dir='ltr'><strong>p.</strong></span> <span class='ocrx_word' id='word_1_266' title='bbox 658 3901 817 3982; x_wconf 76' lang='lat' dir='ltr'><strong>1403a,4</strong></span> <span class='ocrx_word' id='word_1_267' title='bbox 845 3900 1019 3979; x_wconf 77' lang='lat' dir='ltr'><strong>tecmeriiS,</strong></span> <span class='ocrx_word' id='word_1_268' title='bbox 1045 3921 1131 3986; x_wconf 88' lang='lat' dir='ltr'><strong>quae</strong></span> <span class='ocrx_word' id='word_1_269' title='bbox 1155 3902 1318 3963; x_wconf 85' lang='lat' dir='ltr'><strong>vocantur</strong></span> 
     </span>
     <span class='ocr_line' id='line_1_34' title="bbox 198 4007 1319 4091; baseline 0 -21"><span class='ocrx_word' id='word_1_270' title='bbox 198 4007 294 4090; x_wconf 82' lang='lat' dir='ltr'><strong>signa</strong></span> <span class='ocrx_word' id='word_1_271' title='bbox 310 4009 509 4090; x_wconf 85' lang='lat' dir='ltr'><strong>necessaria,</strong></span> <span class='ocrx_word' id='word_1_272' title='bbox 526 4008 686 4091; x_wconf 78' lang='lat' dir='ltr'><strong>neglectis</strong></span> <span class='ocrx_word' id='word_1_273' title='bbox 703 4008 755 4072; x_wconf 91' lang='lat' dir='ltr'><strong>his</strong></span> <span class='ocrx_word' id='word_1_274' title='bbox 768 4007 878 4072; x_wconf 90' lang='lat' dir='ltr'><strong>verbis</strong></span> <span class='ocrx_word' id='word_1_275' title='bbox 892 4007 1074 4089; x_wconf 84' lang='lat' dir='ltr'><strong>significat:</strong></span> <span class='ocrx_word' id='word_1_276' title='bbox 1099 4007 1319 4090; x_wconf 78' lang='grc' dir='ltr'><strong><em>ἀσυλλόγιστόν</em></strong></span> 
     </span>
     <span class='ocr_line' id='line_1_35' title="bbox 198 4113 1317 4200; baseline -0.001 -22"><span class='ocrx_word' id='word_1_277' title='bbox 198 4117 363 4178; x_wconf 80' lang='grc' dir='ltr'><em>ἔστινπᾶν</em></span> <span class='ocrx_word' id='word_1_278' title='bbox 387 4124 526 4198; x_wconf 78' lang='grc' dir='ltr'><em>σημεῖον,</em></span> <span class='ocrx_word' id='word_1_279' title='bbox 551 4115 628 4180; x_wconf 92' lang='lat' dir='ltr'><strong>dum</strong></span> <span class='ocrx_word' id='word_1_280' title='bbox 654 4113 697 4180; x_wconf 91' lang='lat' dir='ltr'><strong>ad</strong></span> <span class='ocrx_word' id='word_1_281' title='bbox 721 4114 891 4200; x_wconf 86' lang='lat' dir='ltr'><strong>analytica</strong></span> <span class='ocrx_word' id='word_1_282' title='bbox 914 4135 976 4178; x_wconf 91' lang='lat' dir='ltr'><strong>nos</strong></span> <span class='ocrx_word' id='word_1_283' title='bbox 1000 4114 1140 4197; x_wconf 83' lang='lat' dir='ltr'><strong>delegat.</strong></span> <span class='ocrx_word' id='word_1_284' title='bbox 1173 4113 1231 4193; x_wconf 87' lang='lat' dir='ltr'><strong>lbi,</strong></span> <span class='ocrx_word' id='word_1_285' title='bbox 1255 4114 1273 4178; x_wconf 93' lang='lat' dir='ltr'><strong>i.</strong></span> <span class='ocrx_word' id='word_1_286' title='bbox 1291 4133 1317 4178; x_wconf 91' lang='lat' dir='ltr'><strong>e.</strong></span> 
     </span>
     <span class='ocr_line' id='line_1_36' title="bbox 197 4220 1319 4307; baseline 0 -22"><span class='ocrx_word' id='word_1_287' title='bbox 197 4223 233 4285; x_wconf 90' lang='lat' dir='ltr'><strong>in</strong></span> <span class='ocrx_word' id='word_1_288' title='bbox 264 4220 351 4287; x_wconf 89' lang='lat' dir='ltr'><strong>anal.</strong></span> <span class='ocrx_word' id='word_1_289' title='bbox 376 4244 421 4307; x_wconf 90' lang='lat' dir='ltr'><strong>pr.</strong></span> <span class='ocrx_word' id='word_1_290' title='bbox 445 4222 473 4287; x_wconf 94' lang='grc'><strong>11</strong></span> <span class='ocrx_word' id='word_1_291' title='bbox 502 4223 545 4289; x_wconf 78' lang='lat'><strong>27</strong></span> <span class='ocrx_word' id='word_1_292' title='bbox 569 4223 663 4303; x_wconf 81' lang='lat' dir='ltr'><strong>signo</strong></span> <span class='ocrx_word' id='word_1_293' title='bbox 692 4222 740 4286; x_wconf 90' lang='lat' dir='ltr'><strong>ita</strong></span> <span class='ocrx_word' id='word_1_294' title='bbox 765 4220 919 4287; x_wconf 88' lang='lat' dir='ltr'><strong>delinito:</strong></span> <span class='ocrx_word' id='word_1_295' title='bbox 960 4230 1090 4305; x_wconf 79' lang='grc' dir='ltr'><em>σημεῖον</em></span> <span class='ocrx_word' id='word_1_296' title='bbox 1114 4276 1120 4288; x_wconf 93' lang='grc'><strong><em>.</em></strong></span> <span class='ocrx_word' id='word_1_297' title='bbox 1146 4271 1151 4284; x_wconf 95' lang='grc'><strong><em>.</em></strong></span> <span class='ocrx_word' id='word_1_298' title='bbox 1175 4223 1319 4304; x_wconf 79' lang='grc' dir='ltr'><em>βούλεται</em></span> 
     </span>
    </p>
   </div>
   <div class='ocr_carea' id='block_1_3' title="bbox 0 0 1628 5044">
    <p class='ocr_par' dir='ltr' id='par_1_6' title="bbox 0 0 1628 5044">
     <span class='ocr_line' id='line_1_37' title="bbox 0 0 1628 5044; baseline 0 0"><span class='ocrx_word' id='word_1_299' title='bbox 0 0 1628 5044; x_wconf 95' lang='lat' dir='ltr'><strong> </strong></span> 
     </span>
    </p>
   </div>
  </div>
 </body>
</html>
