<?xml version="1.0" encoding="UTF-8"?>
<!DOCTYPE html PUBLIC "-//W3C//DTD XHTML 1.0 Transitional//EN"
    "http://www.w3.org/TR/xhtml1/DTD/xhtml1-transitional.dtd">
<html xmlns="http://www.w3.org/1999/xhtml" xml:lang="en" lang="en">
 <head>
  <title>
</title>
<meta http-equiv="Content-Type" content="text/html;charset=utf-8" />
  <meta name='ocr-system' content='tesseract 3.04.00' />
  <meta name='ocr-capabilities' content='ocr_page ocr_carea ocr_par ocr_line ocrx_word'/>
</head>
<body>
  <div class='ocr_page' id='page_1' title='image "./destatuumdoctri00jaengoog_0059.png"; bbox 0 0 3224 5044; ppageno 0'>
   <div class='ocr_carea' id='block_1_1' title="bbox 766 391 988 456">
    <p class='ocr_par' dir='ltr' id='par_1_1' title="bbox 766 391 988 456">
     <span class='ocr_line' id='line_1_1' title="bbox 766 391 988 456; baseline -0.018 -18"><span class='ocrx_word' id='word_1_1' title='bbox 766 391 988 456; x_wconf 63' lang='lat' dir='ltr'><strong>-4g„.</strong></span> 
     </span>
    </p>
   </div>
   <div class='ocr_carea' id='block_1_2' title="bbox 318 566 1440 1297">
    <p class='ocr_par' dir='ltr' id='par_1_2' title="bbox 318 566 1440 1297">
     <span class='ocr_line' id='line_1_2' title="bbox 406 566 1440 652; baseline -0.002 -16"><span class='ocrx_word' id='word_1_2' title='bbox 406 572 476 636; x_wconf 89' lang='lat' dir='ltr'><strong>Iam</strong></span> <span class='ocrx_word' id='word_1_3' title='bbox 501 592 575 636; x_wconf 90' lang='lat' dir='ltr'><strong>oum</strong></span> <span class='ocrx_word' id='word_1_4' title='bbox 599 569 826 652; x_wconf 80' lang='lat' dir='ltr'><strong>Hermogenes</strong></span> <span class='ocrx_word' id='word_1_5' title='bbox 850 569 1044 634; x_wconf 89' lang='lat' dir='ltr'><strong>summatim</strong></span> <span class='ocrx_word' id='word_1_6' title='bbox 1073 566 1115 634; x_wconf 89' lang='lat' dir='ltr'><strong>ad</strong></span> <span class='ocrx_word' id='word_1_7' title='bbox 1140 567 1378 652; x_wconf 86' lang='lat' dir='ltr'><strong>Hermagoram</strong></span> <span class='ocrx_word' id='word_1_8' title='bbox 1402 590 1440 634; x_wconf 90' lang='lat' dir='ltr'><strong>se</strong></span> 
     </span>
     <span class='ocr_line' id='line_1_3' title="bbox 318 675 1438 764; baseline -0.003 -21"><span class='ocrx_word' id='word_1_9' title='bbox 318 677 546 764; x_wconf 76' lang='lat' dir='ltr'><strong>applicaverit,</strong></span> <span class='ocrx_word' id='word_1_10' title='bbox 570 680 610 742; x_wconf 89' lang='lat' dir='ltr'><strong>ut</strong></span> <span class='ocrx_word' id='word_1_11' title='bbox 633 698 735 763; x_wconf 92' lang='lat' dir='ltr'><strong>supra</strong></span> <span class='ocrx_word' id='word_1_12' title='bbox 758 676 953 759; x_wconf 87' lang='lat' dir='ltr'><strong>significavi,</strong></span> <span class='ocrx_word' id='word_1_13' title='bbox 980 697 1000 740; x_wconf 93' lang='lat' dir='ltr'><strong>a</strong></span> <span class='ocrx_word' id='word_1_14' title='bbox 1023 697 1102 742; x_wconf 92' lang='lat' dir='ltr'><strong>vero</strong></span> <span class='ocrx_word' id='word_1_15' title='bbox 1119 676 1177 741; x_wconf 87' lang='lat' dir='ltr'><strong>vix</strong></span> <span class='ocrx_word' id='word_1_16' title='bbox 1201 675 1438 751; x_wconf 74' lang='lat' dir='ltr'><strong>aberrabimus</strong></span> 
     </span>
     <span class='ocr_line' id='line_1_4' title="bbox 318 780 1436 869; baseline -0.004 -19"><span class='ocrx_word' id='word_1_17' title='bbox 318 806 391 852; x_wconf 90' lang='lat' dir='ltr'><strong>oum</strong></span> <span class='ocrx_word' id='word_1_18' title='bbox 417 785 501 850; x_wconf 88' lang='lat' dir='ltr'><strong>haec</strong></span> <span class='ocrx_word' id='word_1_19' title='bbox 525 782 686 869; x_wconf 87' lang='lat' dir='ltr'><strong>exempla,</strong></span> <span class='ocrx_word' id='word_1_20' title='bbox 712 804 798 868; x_wconf 89' lang='lat' dir='ltr'><strong>quae</strong></span> <span class='ocrx_word' id='word_1_21' title='bbox 822 782 990 868; x_wconf 75' lang='lat' dir='ltr'><strong>pertinent</strong></span> <span class='ocrx_word' id='word_1_22' title='bbox 1011 782 1054 848; x_wconf 93' lang='lat' dir='ltr'><strong>ad</strong></span> <span class='ocrx_word' id='word_1_23' title='bbox 1069 803 1137 846; x_wconf 92' lang='lat' dir='ltr'><strong>rem</strong></span> <span class='ocrx_word' id='word_1_24' title='bbox 1154 780 1246 847; x_wconf 87' lang='lat' dir='ltr'><strong>haud</strong></span> <span class='ocrx_word' id='word_1_25' title='bbox 1263 782 1436 866; x_wconf 85' lang='lat' dir='ltr'><strong>minutam,</strong></span> 
     </span>
     <span class='ocr_line' id='line_1_5' title="bbox 319 890 1437 974; baseline -0.003 -17"><span class='ocrx_word' id='word_1_26' title='bbox 319 913 362 957; x_wconf 88' lang='lat' dir='ltr'><strong>ex</strong></span> <span class='ocrx_word' id='word_1_27' title='bbox 392 891 616 972; x_wconf 77' lang='lat' dir='ltr'><strong>Hermagorae</strong></span> <span class='ocrx_word' id='word_1_28' title='bbox 648 895 720 955; x_wconf 89' lang='lat' dir='ltr'><strong>arte</strong></span> <span class='ocrx_word' id='word_1_29' title='bbox 752 891 930 974; x_wconf 89' lang='lat' dir='ltr'><strong>desumpta</strong></span> <span class='ocrx_word' id='word_1_30' title='bbox 961 909 1035 954; x_wconf 89' lang='lat' dir='ltr'><strong>esse</strong></span> <span class='ocrx_word' id='word_1_31' title='bbox 1067 892 1268 955; x_wconf 89' lang='lat' dir='ltr'><strong>statuemus.</strong></span> <span class='ocrx_word' id='word_1_32' title='bbox 1322 890 1437 974; x_wconf 87' lang='lat' dir='ltr'><strong>ltaque</strong></span> 
     </span>
     <span class='ocr_line' id='line_1_6' title="bbox 319 995 1438 1084; baseline -0.002 -20"><span class='ocrx_word' id='word_1_33' title='bbox 319 999 460 1084; x_wconf 89' lang='lat' dir='ltr'><strong>primam</strong></span> <span class='ocrx_word' id='word_1_34' title='bbox 492 1001 526 1063; x_wconf 87' lang='lat' dir='ltr'><strong>et</strong></span> <span class='ocrx_word' id='word_1_35' title='bbox 558 998 699 1063; x_wconf 90' lang='lat' dir='ltr'><strong>alteram</strong></span> <span class='ocrx_word' id='word_1_36' title='bbox 722 998 915 1083; x_wconf 84' lang='lat' dir='ltr'><strong>specierum,</strong></span> <span class='ocrx_word' id='word_1_37' title='bbox 948 997 981 1060; x_wconf 92' lang='lat' dir='ltr'><strong>in</strong></span> <span class='ocrx_word' id='word_1_38' title='bbox 1010 1017 1094 1082; x_wconf 90' lang='lat' dir='ltr'><strong>quas</strong></span> <span class='ocrx_word' id='word_1_39' title='bbox 1119 995 1315 1062; x_wconf 84' lang='lat' dir='ltr'><strong>Aristoteles</strong></span> <span class='ocrx_word' id='word_1_40' title='bbox 1343 997 1438 1078; x_wconf 89' lang='lat' dir='ltr'><strong>signa</strong></span> 
     </span>
     <span class='ocr_line' id='line_1_7' title="bbox 319 1103 1436 1190; baseline -0.003 -20"><span class='ocrx_word' id='word_1_41' title='bbox 319 1105 441 1187; x_wconf 89' lang='lat' dir='ltr'><strong>divisit,</strong></span> <span class='ocrx_word' id='word_1_42' title='bbox 465 1104 704 1187; x_wconf 89' lang='lat' dir='ltr'><strong>Hermagoram</strong></span> <span class='ocrx_word' id='word_1_43' title='bbox 727 1104 914 1190; x_wconf 84' lang='lat' dir='ltr'><strong>respexisse</strong></span> <span class='ocrx_word' id='word_1_44' title='bbox 938 1103 1190 1189; x_wconf 88' lang='lat' dir='ltr'><strong>comprobatum</strong></span> <span class='ocrx_word' id='word_1_45' title='bbox 1216 1107 1276 1171; x_wconf 89' lang='lat' dir='ltr'><strong>est.</strong></span> <span class='ocrx_word' id='word_1_46' title='bbox 1307 1105 1436 1168; x_wconf 81' lang='lat' dir='ltr'><strong>Tertiae</strong></span> 
     </span>
     <span class='ocr_line' id='line_1_8' title="bbox 321 1209 1032 1297; baseline -0.001 -20"><span class='ocrx_word' id='word_1_47' title='bbox 321 1216 436 1278; x_wconf 90' lang='lat' dir='ltr'><strong>autem</strong></span> <span class='ocrx_word' id='word_1_48' title='bbox 461 1212 582 1297; x_wconf 90' lang='lat' dir='ltr'><strong>speciei</strong></span> <span class='ocrx_word' id='word_1_49' title='bbox 606 1210 794 1297; x_wconf 84' lang='lat' dir='ltr'><strong>exemplum</strong></span> <span class='ocrx_word' id='word_1_50' title='bbox 818 1209 1032 1276; x_wconf 86' lang='lat' dir='ltr'><strong>desideratur.</strong></span> 
     </span>
    </p>
   </div>
   <div class='ocr_carea' id='block_1_3' title="bbox 319 1335 1440 2063">
    <p class='ocr_par' dir='ltr' id='par_1_3' title="bbox 319 1335 1440 2063">
     <span class='ocr_line' id='line_1_9' title="bbox 410 1335 1437 1423; baseline 0 -21"><span class='ocrx_word' id='word_1_51' title='bbox 410 1337 439 1402; x_wconf 82' lang='lat'><strong>2.</strong></span> <span class='ocrx_word' id='word_1_52' title='bbox 458 1337 567 1420; x_wconf 54' lang='lat' dir='ltr'><strong>“Ogou</strong></span> <span class='ocrx_word' id='word_1_53' title='bbox 590 1357 655 1423; x_wconf 92' lang='lat' dir='ltr'><strong>quo</strong></span> <span class='ocrx_word' id='word_1_54' title='bbox 672 1338 851 1422; x_wconf 88' lang='lat' dir='ltr'><strong>quaeritur,</strong></span> <span class='ocrx_word' id='word_1_55' title='bbox 870 1337 947 1422; x_wconf 90' lang='lat' dir='ltr'><strong>quid</strong></span> <span class='ocrx_word' id='word_1_56' title='bbox 966 1338 1009 1403; x_wconf 90' lang='lat' dir='ltr'><strong>sit</strong></span> <span class='ocrx_word' id='word_1_57' title='bbox 1024 1336 1156 1401; x_wconf 86' lang='lat' dir='ltr'><strong>facinus</strong></span> <span class='ocrx_word' id='word_1_58' title='bbox 1173 1336 1299 1402; x_wconf 84' lang='lat' dir='ltr'><strong>crimini</strong></span> <span class='ocrx_word' id='word_1_59' title='bbox 1315 1335 1437 1402; x_wconf 92' lang='lat' dir='ltr'><strong>datum.</strong></span> 
     </span>
     <span class='ocr_line' id='line_1_10' title="bbox 320 1443 1437 1529; baseline 0 -21"><span class='ocrx_word' id='word_1_60' title='bbox 320 1443 435 1529; x_wconf 87' lang='lat' dir='ltr'><strong>Neque</strong></span> <span class='ocrx_word' id='word_1_61' title='bbox 459 1447 573 1510; x_wconf 89' lang='lat' dir='ltr'><strong>autem</strong></span> <span class='ocrx_word' id='word_1_62' title='bbox 591 1445 631 1509; x_wconf 88' lang='lat' dir='ltr'><strong>de</strong></span> <span class='ocrx_word' id='word_1_63' title='bbox 656 1443 805 1509; x_wconf 88' lang='lat' dir='ltr'><strong>essentia</strong></span> <span class='ocrx_word' id='word_1_64' title='bbox 827 1444 874 1508; x_wconf 89' lang='lat' dir='ltr'><strong>rei</strong></span> <span class='ocrx_word' id='word_1_65' title='bbox 894 1445 948 1510; x_wconf 89' lang='lat' dir='ltr'><strong>hio</strong></span> <span class='ocrx_word' id='word_1_66' title='bbox 971 1443 1034 1526; x_wconf 88' lang='lat' dir='ltr'><strong>agi,</strong></span> <span class='ocrx_word' id='word_1_67' title='bbox 1060 1443 1119 1508; x_wconf 91' lang='lat' dir='ltr'><strong>sed</strong></span> <span class='ocrx_word' id='word_1_68' title='bbox 1142 1444 1375 1509; x_wconf 89' lang='lat' dir='ltr'><strong>tantummodo</strong></span> <span class='ocrx_word' id='word_1_69' title='bbox 1399 1443 1437 1508; x_wconf 94' lang='lat' dir='ltr'><strong>de</strong></span> 
     </span>
     <span class='ocr_line' id='line_1_11' title="bbox 320 1549 1438 1638; baseline -0.001 -22"><span class='ocrx_word' id='word_1_70' title='bbox 320 1549 464 1638; x_wconf 91' lang='lat' dir='ltr'><strong>quodam</strong></span> <span class='ocrx_word' id='word_1_71' title='bbox 488 1550 629 1638; x_wconf 88' lang='lat' dir='ltr'><strong>proprio,</strong></span> <span class='ocrx_word' id='word_1_72' title='bbox 662 1572 727 1636; x_wconf 91' lang='lat' dir='ltr'><strong>quo</strong></span> <span class='ocrx_word' id='word_1_73' title='bbox 751 1549 879 1616; x_wconf 87' lang='lat' dir='ltr'><strong>lactum</strong></span> <span class='ocrx_word' id='word_1_74' title='bbox 907 1551 1105 1634; x_wconf 82' lang='lat' dir='ltr'><strong>generaliter</strong></span> <span class='ocrx_word' id='word_1_75' title='bbox 1136 1571 1330 1616; x_wconf 89' lang='lat' dir='ltr'><strong>concessum</strong></span> <span class='ocrx_word' id='word_1_76' title='bbox 1355 1551 1438 1616; x_wconf 86' lang='lat' dir='ltr'><strong>desi-</strong></span> 
     </span>
     <span class='ocr_line' id='line_1_12' title="bbox 320 1656 1439 1748; baseline -0.001 -25"><span class='ocrx_word' id='word_1_77' title='bbox 320 1658 442 1738; x_wconf 85' lang='lat' dir='ltr'><strong>niatur,</strong></span> <span class='ocrx_word' id='word_1_78' title='bbox 479 1661 632 1748; x_wconf 85' lang='lat' dir='ltr'><strong>apparet.¹</strong></span> <span class='ocrx_word' id='word_1_79' title='bbox 681 1656 888 1744; x_wconf 81' lang='lat' dir='ltr'><strong>Quapropter</strong></span> <span class='ocrx_word' id='word_1_80' title='bbox 922 1659 986 1724; x_wconf 88' lang='lat' dir='ltr'><strong>iste</strong></span> <span class='ocrx_word' id='word_1_81' title='bbox 1026 1661 1137 1724; x_wconf 89' lang='lat' dir='ltr'><strong>status</strong></span> <span class='ocrx_word' id='word_1_82' title='bbox 1173 1656 1291 1723; x_wconf 90' lang='lat' dir='ltr'><strong>melius</strong></span> <span class='ocrx_word' id='word_1_83' title='bbox 1326 1661 1439 1742; x_wconf 77' lang='grc' dir='ltr'><em>ἰδιότης</em></span> 
     </span>
     <span class='ocr_line' id='line_1_13' title="bbox 320 1763 1439 1851; baseline 0 -21"><span class='ocrx_word' id='word_1_84' title='bbox 320 1765 513 1831; x_wconf 89' lang='lat' dir='ltr'><strong>nominatur</strong></span> <span class='ocrx_word' id='word_1_85' title='bbox 545 1785 646 1851; x_wconf 87' lang='lat' dir='ltr'><strong>quarn</strong></span> <span class='ocrx_word' id='word_1_86' title='bbox 679 1767 756 1848; x_wconf 86' lang='grc' dir='ltr'><em>ὅρος</em></span> <span class='ocrx_word' id='word_1_87' title='bbox 787 1763 971 1830; x_wconf 90' lang='lat' dir='ltr'><strong>secundum</strong></span> <span class='ocrx_word' id='word_1_88' title='bbox 1002 1767 1086 1831; x_wconf 88' lang='lat' dir='ltr'><strong>haec</strong></span> <span class='ocrx_word' id='word_1_89' title='bbox 1117 1765 1220 1831; x_wconf 85' lang='lat' dir='ltr'><strong>verbe</strong></span> <span class='ocrx_word' id='word_1_90' title='bbox 1251 1765 1439 1830; x_wconf 85' lang='lat' dir='ltr'><strong>Aristotelis</strong></span> 
     </span>
     <span class='ocr_line' id='line_1_14' title="bbox 319 1871 1440 1958; baseline -0.001 -21"><span class='ocrx_word' id='word_1_91' title='bbox 319 1871 462 1958; x_wconf 68' lang='lat' dir='ltr'><strong>(topll</strong></span> <span class='ocrx_word' id='word_1_92' title='bbox 485 1893 515 1958; x_wconf 90' lang='lat' dir='ltr'><strong>p.</strong></span> <span class='ocrx_word' id='word_1_93' title='bbox 535 1872 593 1937; x_wconf 87' lang='lat'><strong>101</strong></span> <span class='ocrx_word' id='word_1_94' title='bbox 610 1872 640 1953; x_wconf 91' lang='lat' dir='ltr'><strong>b,</strong></span> <span class='ocrx_word' id='word_1_95' title='bbox 657 1871 721 1957; x_wconf 84' lang='lat'><strong>19):</strong></span> <span class='ocrx_word' id='word_1_96' title='bbox 746 1875 810 1936; x_wconf 81' lang='grc' dir='ltr'><strong><em>ἐπεὶ</em></strong></span> <span class='ocrx_word' id='word_1_97' title='bbox 835 1874 869 1937; x_wconf 82' lang='grc' dir='ltr'><strong>δὲ</strong></span> <span class='ocrx_word' id='word_1_98' title='bbox 892 1882 947 1937; x_wconf 87' lang='grc' dir='ltr'><strong>τοῦ</strong></span> <span class='ocrx_word' id='word_1_99' title='bbox 971 1876 1051 1938; x_wconf 82' lang='grc' dir='ltr'><em>ἰδίου</em></span> <span class='ocrx_word' id='word_1_100' title='bbox 1075 1875 1110 1937; x_wconf 83' lang='grc' dir='ltr'><strong>τὸ</strong></span> <span class='ocrx_word' id='word_1_101' title='bbox 1133 1875 1193 1957; x_wconf 68' lang='grc' dir='ltr'><strong>μὲν</strong></span> <span class='ocrx_word' id='word_1_102' title='bbox 1215 1874 1250 1938; x_wconf 84' lang='grc' dir='ltr'><strong>τὸ</strong></span> <span class='ocrx_word' id='word_1_103' title='bbox 1269 1876 1298 1936; x_wconf 84' lang='grc' dir='ltr'><strong>τί</strong></span> <span class='ocrx_word' id='word_1_104' title='bbox 1311 1875 1350 1957; x_wconf 79' lang='grc' dir='ltr'><strong>ἢν</strong></span> <span class='ocrx_word' id='word_1_105' title='bbox 1366 1874 1440 1938; x_wconf 84' lang='grc' dir='ltr'><strong><em>εἶναι</em></strong></span> 
     </span>
     <span class='ocr_line' id='line_1_15' title="bbox 321 1981 1440 2063; baseline -0.001 -19"><span class='ocrx_word' id='word_1_106' title='bbox 321 1983 473 2063; x_wconf 81' lang='grc' dir='ltr'><strong><em>σημαίνει,</em></strong></span> <span class='ocrx_word' id='word_1_107' title='bbox 504 1981 539 2042; x_wconf 83' lang='grc' dir='ltr'><strong>τὸ</strong></span> <span class='ocrx_word' id='word_1_108' title='bbox 565 1981 641 2043; x_wconf 80' lang='grc' dir='ltr'><strong>ὁόὐ</strong></span> <span class='ocrx_word' id='word_1_109' title='bbox 676 1982 827 2061; x_wconf 80' lang='grc' dir='ltr'><strong><em>σημαίνει,</em></strong></span> <span class='ocrx_word' id='word_1_110' title='bbox 861 1981 1028 2063; x_wconf 72' lang='grc' dir='ltr'><em>διῃρήσθω</em></span> <span class='ocrx_word' id='word_1_111' title='bbox 1052 1982 1087 2045; x_wconf 82' lang='grc' dir='ltr'><strong>τὸ</strong></span> <span class='ocrx_word' id='word_1_112' title='bbox 1112 1983 1190 2045; x_wconf 82' lang='grc' dir='ltr'><strong>ίὸιον</strong></span> <span class='ocrx_word' id='word_1_113' title='bbox 1213 1984 1257 2052; x_wconf 84' lang='grc' dir='ltr'><strong>εἰς</strong></span> <span class='ocrx_word' id='word_1_114' title='bbox 1280 1983 1381 2063; x_wconf 82' lang='grc' dir='ltr'><em>ἄμφω</em></span> <span class='ocrx_word' id='word_1_115' title='bbox 1404 1981 1440 2043; x_wconf 83' lang='grc' dir='ltr'><strong>τὰ</strong></span> 
     </span>
    </p>
   </div>
   <div class='ocr_carea' id='block_1_4' title="bbox 320 2087 1457 2170">
    <p class='ocr_par' dir='ltr' id='par_1_4' title="bbox 320 2087 1457 2170">
     <span class='ocr_line' id='line_1_16' title="bbox 320 2087 1457 2170; baseline 0.001 -21"><span class='ocrx_word' id='word_1_116' title='bbox 320 2089 534 2169; x_wconf 83' lang='grc' dir='ltr'><em>προειρημένα</em></span> <span class='ocrx_word' id='word_1_117' title='bbox 557 2089 650 2168; x_wconf 79' lang='grc' dir='ltr'><em>μέρη,</em></span> <span class='ocrx_word' id='word_1_118' title='bbox 673 2087 726 2148; x_wconf 83' lang='grc' dir='ltr'><strong>καί</strong></span> <span class='ocrx_word' id='word_1_119' title='bbox 749 2087 910 2150; x_wconf 74' lang='grc' dir='ltr'><strong><em>καλείσθω</em></strong></span> <span class='ocrx_word' id='word_1_120' title='bbox 934 2088 969 2151; x_wconf 79' lang='grc' dir='ltr'><strong>τὸ</strong></span> <span class='ocrx_word' id='word_1_121' title='bbox 992 2089 1051 2170; x_wconf 85' lang='grc' dir='ltr'><strong>μὲν</strong></span> <span class='ocrx_word' id='word_1_122' title='bbox 1074 2089 1153 2151; x_wconf 82' lang='grc' dir='ltr'><strong><em>τὸτί</em></strong></span> <span class='ocrx_word' id='word_1_123' title='bbox 1174 2088 1213 2170; x_wconf 79' lang='grc' dir='ltr'><strong>ἦν</strong></span> <span class='ocrx_word' id='word_1_124' title='bbox 1229 2088 1304 2151; x_wconf 76' lang='grc' dir='ltr'><strong><em>εἶναι</em></strong></span> <span class='ocrx_word' id='word_1_125' title='bbox 1328 2093 1457 2170; x_wconf 72' lang='grc' dir='ltr'><strong><em>σημαῖ-’</em></strong></span> 
     </span>
    </p>
   </div>
   <div class='ocr_carea' id='block_1_5' title="bbox 321 2193 1448 3996">
    <p class='ocr_par' dir='ltr' id='par_1_5' title="bbox 321 2193 1448 3996">
     <span class='ocr_line' id='line_1_17' title="bbox 321 2193 1440 2278; baseline 0.001 -21"><span class='ocrx_word' id='word_1_126' title='bbox 321 2217 377 2257; x_wconf 87' lang='grc' dir='ltr'><strong>νον</strong></span> <span class='ocrx_word' id='word_1_127' title='bbox 401 2194 485 2274; x_wconf 84' lang='grc' dir='ltr'><em>ὅρος,</em></span> <span class='ocrx_word' id='word_1_128' title='bbox 509 2193 544 2255; x_wconf 85' lang='grc' dir='ltr'><strong>τὸ</strong></span> <span class='ocrx_word' id='word_1_129' title='bbox 572 2193 606 2256; x_wconf 80' lang='grc' dir='ltr'><strong>δὲ</strong></span> <span class='ocrx_word' id='word_1_130' title='bbox 628 2193 738 2256; x_wconf 80' lang='grc' dir='ltr'><strong><em>λοιπὸν</em></strong></span> <span class='ocrx_word' id='word_1_131' title='bbox 761 2194 840 2256; x_wconf 82' lang='grc' dir='ltr'><strong><em>κατὰ</em></strong></span> <span class='ocrx_word' id='word_1_132' title='bbox 864 2195 920 2276; x_wconf 82' lang='grc' dir='ltr'><strong>τὴν</strong></span> <span class='ocrx_word' id='word_1_133' title='bbox 943 2196 1052 2278; x_wconf 81' lang='grc' dir='ltr'><strong><em>κοινὴν</em></strong></span> <span class='ocrx_word' id='word_1_134' title='bbox 1082 2197 1153 2278; x_wconf 82' lang='grc' dir='ltr'><strong>περὶ</strong></span> <span class='ocrx_word' id='word_1_135' title='bbox 1183 2197 1290 2258; x_wconf 84' lang='grc' dir='ltr'><strong><em>αὐτῶν</em></strong></span> <span class='ocrx_word' id='word_1_136' title='bbox 1320 2196 1440 2258; x_wconf 80' lang='lat' dir='ltr'><strong>duodo-</strong></span> 
     </span>
     <span class='ocr_line' id='line_1_18' title="bbox 322 2300 1441 2386; baseline 0.001 -22"><span class='ocrx_word' id='word_1_137' title='bbox 322 2302 432 2364; x_wconf 72' lang='lat' dir='ltr'><strong>dsioav</strong></span> <span class='ocrx_word' id='word_1_138' title='bbox 463 2301 636 2382; x_wconf 79' lang='grc' dir='ltr'><strong><em>ὀνομασίαν</em></strong></span> <span class='ocrx_word' id='word_1_139' title='bbox 666 2303 958 2382; x_wconf 69' lang='grc' dir='ltr'><strong>προσαγορευέσθαι</strong></span> <span class='ocrx_word' id='word_1_140' title='bbox 994 2303 1081 2368; x_wconf 69' lang='lat' dir='ltr'><strong>iduor.</strong></span> <span class='ocrx_word' id='word_1_141' title='bbox 1128 2300 1199 2366; x_wconf 84' lang='lat' dir='ltr'><strong>Iam</strong></span> <span class='ocrx_word' id='word_1_142' title='bbox 1222 2321 1300 2366; x_wconf 85' lang='lat' dir='ltr'><strong>vero</strong></span> <span class='ocrx_word' id='word_1_143' title='bbox 1324 2321 1441 2386; x_wconf 85' lang='lat' dir='ltr'><strong>quam·</strong></span> 
     </span>
     <span class='ocr_line' id='line_1_19' title="bbox 322 2405 1441 2492; baseline 0.001 -22"><span class='ocrx_word' id='word_1_144' title='bbox 322 2428 423 2492; x_wconf 88' lang='lat' dir='ltr'><strong>quam</strong></span> <span class='ocrx_word' id='word_1_145' title='bbox 440 2405 665 2486; x_wconf 77' lang='lat' dir='ltr'><strong>Quintilianus</strong></span> <span class='ocrx_word' id='word_1_146' title='bbox 680 2405 723 2489; x_wconf 88' lang='lat' dir='ltr'><strong>id,</strong></span> <span class='ocrx_word' id='word_1_147' title='bbox 749 2406 838 2492; x_wconf 93' lang='lat' dir='ltr'><strong>quod</strong></span> <span class='ocrx_word' id='word_1_148' title='bbox 862 2427 952 2471; x_wconf 86' lang='lat' dir='ltr'><strong>exre</strong></span> <span class='ocrx_word' id='word_1_149' title='bbox 970 2407 1043 2492; x_wconf 89' lang='lat' dir='ltr'><strong>ipsa</strong></span> <span class='ocrx_word' id='word_1_150' title='bbox 1067 2411 1102 2472; x_wconf 88' lang='lat' dir='ltr'><strong>et</strong></span> <span class='ocrx_word' id='word_1_151' title='bbox 1121 2408 1193 2473; x_wconf 90' lang='lat' dir='ltr'><strong>loco</strong></span> <span class='ocrx_word' id='word_1_152' title='bbox 1218 2406 1314 2473; x_wconf 89' lang='lat' dir='ltr'><strong>modo</strong></span> <span class='ocrx_word' id='word_1_153' title='bbox 1339 2407 1441 2472; x_wconf 89' lang='lat' dir='ltr'><strong>allato</strong></span> 
     </span>
     <span class='ocr_line' id='line_1_20' title="bbox 323 2512 1442 2599; baseline 0 -20"><span class='ocrx_word' id='word_1_154' title='bbox 323 2518 566 2599; x_wconf 65' lang='lat' dir='ltr'><strong>exspectamus</strong></span> <span class='ocrx_word' id='word_1_155' title='bbox 599 2513 700 2579; x_wconf 83' lang='lat' dir='ltr'><strong>refert</strong></span> <span class='ocrx_word' id='word_1_156' title='bbox 723 2512 962 2597; x_wconf 84' lang='lat' dir='ltr'><strong>Hermagoram</strong></span> <span class='ocrx_word' id='word_1_157' title='bbox 990 2514 1132 2580; x_wconf 90' lang='lat' dir='ltr'><strong>alterum</strong></span> <span class='ocrx_word' id='word_1_158' title='bbox 1156 2519 1283 2580; x_wconf 84' lang='lat' dir='ltr'><strong>statum</strong></span> <span class='ocrx_word' id='word_1_159' title='bbox 1307 2517 1442 2599; x_wconf 79' lang='grc' dir='ltr'><strong>ἰδιότητα</strong></span> 
     </span>
     <span class='ocr_line' id='line_1_21' title="bbox 323 2621 1443 2703; baseline 0.001 -18"><span class='ocrx_word' id='word_1_160' title='bbox 323 2622 534 2703; x_wconf 59' lang='lat' dir='ltr'><strong>vocavisssst)</strong></span> <span class='ocrx_word' id='word_1_161' title='bbox 568 2625 684 2685; x_wconf 86' lang='lat' dir='ltr'><strong>tamen</strong></span> <span class='ocrx_word' id='word_1_162' title='bbox 709 2622 917 2702; x_wconf 84' lang='lat' dir='ltr'><strong>Augustinus</strong></span> <span class='ocrx_word' id='word_1_163' title='bbox 946 2621 989 2686; x_wconf 91' lang='lat' dir='ltr'><strong>ab</strong></span> <span class='ocrx_word' id='word_1_164' title='bbox 1021 2642 1060 2687; x_wconf 92' lang='lat' dir='ltr'><strong>eo</strong></span> <span class='ocrx_word' id='word_1_165' title='bbox 1085 2621 1249 2703; x_wconf 83' lang='lat' dir='ltr'><strong>dissentit,</strong></span> <span class='ocrx_word' id='word_1_166' title='bbox 1283 2643 1358 2688; x_wconf 88' lang='lat' dir='ltr'><strong>oum</strong></span> <span class='ocrx_word' id='word_1_167' title='bbox 1380 2622 1443 2686; x_wconf 89' lang='lat' dir='ltr'><strong>hoc</strong></span> 
     </span>
     <span class='ocr_line' id='line_1_22' title="bbox 323 2726 1443 2812; baseline 0.001 -20"><span class='ocrx_word' id='word_1_168' title='bbox 323 2727 406 2794; x_wconf 84' lang='lat' dir='ltr'><strong>artis</strong></span> <span class='ocrx_word' id='word_1_169' title='bbox 436 2726 639 2792; x_wconf 88' lang='lat' dir='ltr'><strong>vocabulum</strong></span> <span class='ocrx_word' id='word_1_170' title='bbox 670 2726 842 2792; x_wconf 86' lang='lat' dir='ltr'><strong>Theodoro</strong></span> <span class='ocrx_word' id='word_1_171' title='bbox 874 2728 1037 2810; x_wconf 87' lang='lat' dir='ltr'><strong>attribuit,</strong></span> <span class='ocrx_word' id='word_1_172' title='bbox 1073 2729 1298 2812; x_wconf 86' lang='lat' dir='ltr'><strong>Hermagorae</strong></span> <span class='ocrx_word' id='word_1_173' title='bbox 1329 2733 1443 2794; x_wconf 89' lang='lat' dir='ltr'><strong>autern</strong></span> 
     </span>
     <span class='ocr_line' id='line_1_23' title="bbox 323 2832 1442 2922; baseline 0.002 -24"><span class='ocrx_word' id='word_1_174' title='bbox 323 2855 439 2899; x_wconf 82' lang='lat' dir='ltr'><strong>vocem</strong></span> <span class='ocrx_word' id='word_1_175' title='bbox 468 2835 585 2919; x_wconf 56' lang='lat' dir='ltr'><strong>dpoofl)</strong></span> <span class='ocrx_word' id='word_1_176' title='bbox 631 2832 747 2919; x_wconf 90' lang='lat' dir='ltr'><strong>Neque</strong></span> <span class='ocrx_word' id='word_1_177' title='bbox 778 2835 886 2900; x_wconf 83' lang='lat' dir='ltr'><strong>iacere</strong></span> <span class='ocrx_word' id='word_1_178' title='bbox 918 2856 1106 2920; x_wconf 90' lang='lat' dir='ltr'><strong>possumus,</strong></span> <span class='ocrx_word' id='word_1_179' title='bbox 1141 2837 1221 2922; x_wconf 89' lang='lat' dir='ltr'><strong>quin</strong></span> <span class='ocrx_word' id='word_1_180' title='bbox 1245 2837 1442 2919; x_wconf 85' lang='lat' dir='ltr'><strong>Augustino,</strong></span> 
     </span>
     <span class='ocr_line' id='line_1_24' title="bbox 324 2940 1443 3026; baseline 0.002 -21"><span class='ocrx_word' id='word_1_181' title='bbox 324 2945 363 3005; x_wconf 90' lang='lat' dir='ltr'><strong>ut</strong></span> <span class='ocrx_word' id='word_1_182' title='bbox 387 2940 510 3026; x_wconf 88' lang='lat' dir='ltr'><strong>optimo</strong></span> <span class='ocrx_word' id='word_1_183' title='bbox 536 2941 672 3024; x_wconf 87' lang='lat' dir='ltr'><strong>auctori,</strong></span> <span class='ocrx_word' id='word_1_184' title='bbox 696 2940 799 3007; x_wconf 88' lang='lat' dir='ltr'><strong>fidem</strong></span> <span class='ocrx_word' id='word_1_185' title='bbox 815 2941 1001 3008; x_wconf 87' lang='lat' dir='ltr'><strong>habeamus</strong></span> <span class='ocrx_word' id='word_1_186' title='bbox 1026 2964 1065 3007; x_wconf 89' lang='lat' dir='ltr'><strong>ae</strong></span> <span class='ocrx_word' id='word_1_187' title='bbox 1081 2943 1277 3022; x_wconf 77' lang='lat' dir='ltr'><strong>Quintiliani</strong></span> <span class='ocrx_word' id='word_1_188' title='bbox 1291 2944 1443 3008; x_wconf 90' lang='lat' dir='ltr'><strong>testimo-</strong></span> 
     </span>
     <span class='ocr_line' id='line_1_25' title="bbox 324 3047 1444 3131; baseline 0.002 -19"><span class='ocrx_word' id='word_1_189' title='bbox 324 3048 417 3113; x_wconf 90' lang='lat' dir='ltr'><strong>nium</strong></span> <span class='ocrx_word' id='word_1_190' title='bbox 439 3048 622 3114; x_wconf 82' lang='lat' dir='ltr'><strong>reiciamus</strong></span> <span class='ocrx_word' id='word_1_191' title='bbox 668 3047 890 3131; x_wconf 87' lang='lat' dir='ltr'><strong>Hermagoras</strong></span> <span class='ocrx_word' id='word_1_192' title='bbox 914 3050 1013 3131; x_wconf 90' lang='lat' dir='ltr'><strong>igitur</strong></span> <span class='ocrx_word' id='word_1_193' title='bbox 1036 3049 1099 3114; x_wconf 91' lang='lat' dir='ltr'><strong>hac</strong></span> <span class='ocrx_word' id='word_1_194' title='bbox 1129 3071 1164 3115; x_wconf 93' lang='lat' dir='ltr'><strong>re</strong></span> <span class='ocrx_word' id='word_1_195' title='bbox 1189 3050 1232 3115; x_wconf 89' lang='lat' dir='ltr'><strong>ab</strong></span> <span class='ocrx_word' id='word_1_196' title='bbox 1257 3049 1444 3116; x_wconf 84' lang='lat' dir='ltr'><strong>Aristotelis</strong></span> 
     </span>
     <span class='ocr_line' id='line_1_26' title="bbox 325 3154 1445 3242; baseline 0.001 -23"><span class='ocrx_word' id='word_1_197' title='bbox 325 3156 526 3220; x_wconf 86' lang='lat' dir='ltr'><strong>auctoritate</strong></span> <span class='ocrx_word' id='word_1_198' title='bbox 557 3155 693 3221; x_wconf 84' lang='lat' dir='ltr'><strong>recessit</strong></span> <span class='ocrx_word' id='word_1_199' title='bbox 723 3155 823 3242; x_wconf 88' lang='lat' dir='ltr'><strong>idque</strong></span> <span class='ocrx_word' id='word_1_200' title='bbox 855 3176 1037 3241; x_wconf 89' lang='lat' dir='ltr'><strong>perperam,</strong></span> <span class='ocrx_word' id='word_1_201' title='bbox 1077 3160 1116 3220; x_wconf 90' lang='lat' dir='ltr'><strong>ut</strong></span> <span class='ocrx_word' id='word_1_202' title='bbox 1146 3160 1250 3242; x_wconf 90' lang='lat' dir='ltr'><strong>patet,</strong></span> <span class='ocrx_word' id='word_1_203' title='bbox 1282 3154 1445 3242; x_wconf 89' lang='lat' dir='ltr'><strong>siquidem</strong></span> 
     </span>
     <span class='ocr_line' id='line_1_27' title="bbox 324 3261 1445 3345; baseline 0.002 -19"><span class='ocrx_word' id='word_1_204' title='bbox 324 3265 401 3345; x_wconf 86' lang='grc' dir='ltr'><em>ὅρος</em></span> <span class='ocrx_word' id='word_1_205' title='bbox 432 3263 613 3327; x_wconf 89' lang='lat' dir='ltr'><strong>essentiam</strong></span> <span class='ocrx_word' id='word_1_206' title='bbox 645 3263 692 3328; x_wconf 90' lang='lat' dir='ltr'><strong>rei</strong></span> <span class='ocrx_word' id='word_1_207' title='bbox 720 3261 897 3344; x_wconf 86' lang='lat' dir='ltr'><strong>significat.</strong></span> <span class='ocrx_word' id='word_1_208' title='bbox 944 3261 1009 3328; x_wconf 86' lang='lat' dir='ltr'><strong>Sed</strong></span> <span class='ocrx_word' id='word_1_209' title='bbox 1041 3264 1199 3329; x_wconf 86' lang='lat' dir='ltr'><strong>Temnius</strong></span> <span class='ocrx_word' id='word_1_210' title='bbox 1230 3264 1284 3330; x_wconf 92' lang='lat' dir='ltr'><strong>hic</strong></span> <span class='ocrx_word' id='word_1_211' title='bbox 1316 3264 1445 3328; x_wconf 86' lang='lat' dir='ltr'><strong>Stoicos</strong></span> 
     </span>
     <span class='ocr_line' id='line_1_28' title="bbox 326 3368 1446 3456; baseline 0.004 -25"><span class='ocrx_word' id='word_1_212' title='bbox 326 3372 462 3432; x_wconf 89' lang='lat' dir='ltr'><strong>secutus</strong></span> <span class='ocrx_word' id='word_1_213' title='bbox 494 3374 555 3449; x_wconf 88' lang='lat' dir='ltr'><strong>est,</strong></span> <span class='ocrx_word' id='word_1_214' title='bbox 588 3369 653 3453; x_wconf 90' lang='lat' dir='ltr'><strong>qui,</strong></span> <span class='ocrx_word' id='word_1_215' title='bbox 688 3372 725 3433; x_wconf 91' lang='lat' dir='ltr'><strong>ut</strong></span> <span class='ocrx_word' id='word_1_216' title='bbox 755 3368 844 3434; x_wconf 85' lang='lat' dir='ltr'><strong>infra</strong></span> <span class='ocrx_word' id='word_1_217' title='bbox 874 3368 1098 3454; x_wconf 86' lang='lat' dir='ltr'><strong>ostendemus,</strong></span> <span class='ocrx_word' id='word_1_218' title='bbox 1132 3373 1209 3454; x_wconf 88' lang='grc' dir='ltr'><strong>ὅρον</strong></span> <span class='ocrx_word' id='word_1_219' title='bbox 1237 3371 1446 3456; x_wconf 81' lang='lat' dir='ltr'><strong>interpretati</strong></span> 
     </span>
     <span class='ocr_line' id='line_1_29' title="bbox 325 3474 1447 3562; baseline 0.003 -25"><span class='ocrx_word' id='word_1_220' title='bbox 325 3477 406 3538; x_wconf 86' lang='lat' dir='ltr'><strong>sunt</strong></span> <span class='ocrx_word' id='word_1_221' title='bbox 440 3477 591 3558; x_wconf 76' lang='grc' dir='ltr'><em>ἰδιόιηιαι</em></span> <span class='ocrx_word' id='word_1_222' title='bbox 627 3476 760 3540; x_wconf 90' lang='lat' dir='ltr'><strong>omnino</strong></span> <span class='ocrx_word' id='word_1_223' title='bbox 795 3474 891 3560; x_wconf 91' lang='lat' dir='ltr'><strong>plura</strong></span> <span class='ocrx_word' id='word_1_224' title='bbox 925 3477 1068 3559; x_wconf 88' lang='lat' dir='ltr'><strong>vestigia</strong></span> <span class='ocrx_word' id='word_1_225' title='bbox 1104 3476 1296 3562; x_wconf 88' lang='lat' dir='ltr'><strong>disciplinae</strong></span> <span class='ocrx_word' id='word_1_226' title='bbox 1332 3498 1447 3542; x_wconf 91' lang='lat' dir='ltr'><strong>eorum</strong></span> 
     </span>
     <span class='ocr_line' id='line_1_30' title="bbox 326 3581 1445 3671; baseline 0.003 -26"><span class='ocrx_word' id='word_1_227' title='bbox 326 3602 428 3667; x_wconf 91' lang='lat' dir='ltr'><strong>quam</strong></span> <span class='ocrx_word' id='word_1_228' title='bbox 458 3581 647 3647; x_wconf 86' lang='lat' dir='ltr'><strong>Aristotelis</strong></span> <span class='ocrx_word' id='word_1_229' title='bbox 680 3582 716 3646; x_wconf 87' lang='lat' dir='ltr'><strong>in</strong></span> <span class='ocrx_word' id='word_1_230' title='bbox 750 3582 974 3665; x_wconf 89' lang='lat' dir='ltr'><strong>Hermagorae</strong></span> <span class='ocrx_word' id='word_1_231' title='bbox 1010 3582 1161 3650; x_wconf 90' lang='lat' dir='ltr'><strong>doctrina</strong></span> <span class='ocrx_word' id='word_1_232' title='bbox 1195 3583 1445 3671; x_wconf 82' lang='lat' dir='ltr'><strong>patefaciemus</strong></span> 
     </span>
     <span class='ocr_line' id='line_1_31' title="bbox 325 3687 1448 3776; baseline 0.003 -24"><span class='ocrx_word' id='word_1_233' title='bbox 325 3687 514 3772; x_wconf 87' lang='lat' dir='ltr'><strong>Vestigium</strong></span> <span class='ocrx_word' id='word_1_234' title='bbox 538 3692 653 3755; x_wconf 89' lang='lat' dir='ltr'><strong>autem</strong></span> <span class='ocrx_word' id='word_1_235' title='bbox 673 3688 1033 3773; x_wconf 81' lang='lat' dir='ltr'><strong>logicaeAristoteleae</strong></span> <span class='ocrx_word' id='word_1_236' title='bbox 1057 3691 1092 3755; x_wconf 91' lang='lat' dir='ltr'><strong>in</strong></span> <span class='ocrx_word' id='word_1_237' title='bbox 1116 3711 1154 3757; x_wconf 90' lang='lat' dir='ltr'><strong>eo</strong></span> <span class='ocrx_word' id='word_1_238' title='bbox 1180 3691 1332 3772; x_wconf 89' lang='lat' dir='ltr'><strong>cernitur,</strong></span> <span class='ocrx_word' id='word_1_239' title='bbox 1358 3689 1448 3776; x_wconf 91' lang='lat' dir='ltr'><strong>quod</strong></span> 
     </span>
     <span class='ocr_line' id='line_1_32' title="bbox 327 3797 1448 3883; baseline 0.002 -21"><span class='ocrx_word' id='word_1_240' title='bbox 327 3797 551 3862; x_wconf 89' lang='lat' dir='ltr'><strong>conversionis</strong></span> <span class='ocrx_word' id='word_1_241' title='bbox 583 3797 853 3862; x_wconf 87' lang='lat' dir='ltr'><strong>enuntiationum</strong></span> <span class='ocrx_word' id='word_1_242' title='bbox 877 3798 1105 3883; x_wconf 79' lang='grc' dir='ltr'><strong>(ἀναστροφῆς)</strong></span> <span class='ocrx_word' id='word_1_243' title='bbox 1137 3799 1222 3863; x_wconf 90' lang='lat' dir='ltr'><strong>ratio</strong></span> <span class='ocrx_word' id='word_1_244' title='bbox 1246 3797 1364 3863; x_wconf 88' lang='lat' dir='ltr'><strong>habita</strong></span> <span class='ocrx_word' id='word_1_245' title='bbox 1395 3803 1448 3864; x_wconf 90' lang='lat' dir='ltr'><strong>est</strong></span> 
     </span>
     <span class='ocr_line' id='line_1_33' title="bbox 326 3903 1448 3996; baseline 0.003 -29"><span class='ocrx_word' id='word_1_246' title='bbox 326 3903 359 3968; x_wconf 91' lang='lat' dir='ltr'><strong>in</strong></span> <span class='ocrx_word' id='word_1_247' title='bbox 385 3906 454 3988; x_wconf 84' lang='grc' dir='ltr'><strong>ὅρῳ</strong></span> <span class='ocrx_word' id='word_1_248' title='bbox 479 3904 662 3970; x_wconf 87' lang='lat' dir='ltr'><strong>tractando</strong></span> <span class='ocrx_word' id='word_1_249' title='bbox 708 3903 795 3969; x_wconf 88' lang='lat' dir='ltr'><strong>Nam</strong></span> <span class='ocrx_word' id='word_1_250' title='bbox 818 3904 877 3969; x_wconf 85' lang='lat' dir='ltr'><strong>vix</strong></span> <span class='ocrx_word' id='word_1_251' title='bbox 901 3926 974 3996; x_wconf 88' lang='lat' dir='ltr'><strong>esse</strong></span> <span class='ocrx_word' id='word_1_252' title='bbox 999 3903 1220 3970; x_wconf 89' lang='lat' dir='ltr'><strong>dubitandum</strong></span> <span class='ocrx_word' id='word_1_253' title='bbox 1242 3907 1334 3992; x_wconf 89' lang='lat' dir='ltr'><strong>puto,</strong></span> <span class='ocrx_word' id='word_1_254' title='bbox 1367 3907 1448 3991; x_wconf 91' lang='lat' dir='ltr'><strong>quin</strong></span> 
     </span>
    </p>
   </div>
   <div class='ocr_carea' id='block_1_6' title="bbox 417 4133 610 4294">
    <p class='ocr_par' dir='ltr' id='par_1_6' title="bbox 417 4133 610 4294">
     <span class='ocr_line' id='line_1_34' title="bbox 417 4133 585 4204; baseline 0.012 -17"><span class='ocrx_word' id='word_1_255' title='bbox 417 4135 435 4204; x_wconf 76' lang='lat'><strong>1)</strong></span> <span class='ocrx_word' id='word_1_256' title='bbox 455 4135 494 4188; x_wconf 91' lang='lat'><strong>111</strong></span> <span class='ocrx_word' id='word_1_257' title='bbox 507 4133 585 4199; x_wconf 63' lang='lat' dir='ltr'><strong>osa</strong></span> 
     </span>
     <span class='ocr_line' id='line_1_35' title="bbox 417 4222 610 4294; baseline 0.005 -18"><span class='ocrx_word' id='word_1_258' title='bbox 417 4224 436 4292; x_wconf 57' lang='grc' dir='ltr'><strong>ε)</strong></span> <span class='ocrx_word' id='word_1_259' title='bbox 456 4241 483 4294; x_wconf 82' lang='lat' dir='ltr'><strong>p.</strong></span> <span class='ocrx_word' id='word_1_260' title='bbox 499 4222 558 4286; x_wconf 83' lang='lat'><strong>142,</strong></span> <span class='ocrx_word' id='word_1_261' title='bbox 567 4223 610 4277; x_wconf 81' lang='lat' dir='ltr'><strong>ae.</strong></span> 
     </span>
    </p>
   </div>
   <div class='ocr_carea' id='block_1_7' title="bbox 0 0 1629 5044">
    <p class='ocr_par' dir='ltr' id='par_1_7' title="bbox 0 0 1629 5044">
     <span class='ocr_line' id='line_1_36' title="bbox 0 0 1629 5044; baseline 0 0"><span class='ocrx_word' id='word_1_262' title='bbox 0 0 1629 5044; x_wconf 95' lang='lat' dir='ltr'><strong> </strong></span> 
     </span>
    </p>
   </div>
  </div>
 </body>
</html>
