3198 5054
578 439 823 505 -127-

141 621 175 684 δὲ
197 620 399 702 παραπλήσια
414 625 479 689 τοῖς
493 625 557 684 τῶν
573 624 733 700 σοφιστῶν
749 620 828 682 ἐστιν
844 618 919 682 οὐδὲ
939 620 1012 699 περί
1024 641 1118 682 τινοιν
1135 619 1261 700 γείνεται

140 727 244 790 ἄλλων
259 729 279 808 ἢ
295 731 360 790 τῶν
375 727 600 789 ἀνατεινόντων
616 727 659 795 εἰς
673 726 708 788 τὸ
725 726 842 798 κοινόν,
859 725 1018 797 οὐδ’όλιος
1034 727 1262 788 ἀντιποιοῦνται

140 835 234 916 μόνοι
256 839 312 896 τοῦ
335 856 419 902 τινας
435 833 570 896 ἐπαινεῖν
585 833 639 896 καὶ
654 834 763 914 ψέγειν
779 833 937 896 δύνασθαι
952 852 959 864 ·
976 831 1012 895 τὸ
1029 831 1064 894 δὲ
1079 831 1262 914 σοφιστικὸν

140 943 229 1022 γένος
243 942 327 1004 τοῦτ’
346 940 569 1021 ἐπαγγέλλεται.
602 937 757 1017 Quintil
776 936 826 1020 lb,
837 937 893 1002 20:
922 935 1024 1002 »Illud
1041 935 1082 1002 de
1095 936 1259 1019 omnibuS,

140 1047 195 1132 qui
230 1047 317 1112 circa
352 1045 465 1112 civiles
500 1043 633 1110 demum
669 1045 883 1131 quaestiones
916 1047 1081 1111 oratorem
1112 1043 1261 1109 iudicant

139 1153 274 1235 versari,
300 1152 426 1217 dictum
450 1152 503 1235 sit,
529 1150 660 1217 excludi
683 1152 726 1216 ab
750 1151 802 1216 his
823 1150 965 1237 plurima
981 1150 1120 1216 oratoris
1137 1149 1260 1231 officia,

140 1260 229 1325 illam
261 1263 348 1325 certe
379 1258 589 1325 laudativam
617 1262 735 1341 totam,
770 1280 856 1345 quae
889 1260 942 1324 est
972 1259 1152 1323 rhetorices
1184 1278 1261 1342 pars

140 1367 266 1433 tertia«
318 1365 380 1432 Orc.
405 1366 594 1449 or.11,37:
622 1394 648 1430 ».
674 1416 679 1430 .
703 1365 800 1451 plura
823 1368 904 1431 sunt
927 1365 1116 1430 orationum
1140 1384 1262 1448 genera

140 1496 244 1560 eaque
280 1474 420 1556 diversa,
455 1494 564 1560 neque
597 1473 632 1537 in
668 1493 771 1538 unam
807 1473 949 1538 formam
981 1469 1107 1536 cadunt
1138 1471 1259 1554 omnia,

140 1580 371 1646 laudationum
403 1584 437 1645 et
467 1580 753 1666 vituperationum
787 1580 821 1643 et
844 1577 1060 1643 historiarum
1084 1580 1119 1642 et
1141 1575 1262 1642 talium

140 1689 343 1770 suasionum,
376 1686 509 1773 qualem
532 1686 696 1752 Isocrates
728 1685 809 1751 fecit
835 1684 1074 1770 panegyricum
1097 1683 1261 1769 multique

140 1795 204 1877 alii,
235 1795 292 1880 qui
322 1799 403 1859 sunt
432 1794 597 1859 nominati
629 1793 810 1879 sophistae,
844 1792 1114 1878 reliquarumque
1147 1811 1261 1856 earum

138 1901 288 1986 formam,
314 1922 401 1987 quae
425 1901 550 1966 absunt
574 1923 595 1966 a
610 1901 734 1966 lorensi
750 1899 975 1982 contentione,
1001 1898 1139 1984 eiusque
1155 1897 1260 1962 totius

140 2003 277 2091 generis,
288 2007 375 2094 quod
385 2006 509 2074 Graece
519 2007 724 2073 ἐπιδεικτικὸν
736 2007 936 2072 nominatur.
948 2060 954 2072 .
966 2034 991 2071 .‹
1008 2005 1139 2071 Otibid,
1151 2003 1260 2086 13,42.

139 2115 317 2182 Praeterea
346 2117 468 2181 notatu
500 2115 637 2198 dignum
668 2120 720 2180 est
749 2113 939 2180 Ciceronem
970 2133 1090 2197 genere
1122 2110 1260 2177 demon-

141 2223 280 2289 strativo
305 2226 432 2288 secreto
455 2224 490 2287 in
514 2223 722 2308 paragrapho
738 2221 781 2287 45
807 2221 849 2286 ad
874 2224 986 2286 status
1009 2219 1160 2286 transire.

228 2329 302 2395 Alio
320 2350 451 2415 quoque
467 2329 539 2394 loco
552 2328 680 2394 Tullius
697 2329 760 2393 hoo
775 2327 913 2394 tradidit
929 2325 1093 2392 »Graecos
1109 2326 1260 2391 homines

141 2487 146 2502 .
170 2487 177 2502 .
200 2437 414 2522 partitionem
439 2436 609 2521 quandam
633 2435 756 2523 artium
779 2434 899 2500 fecisse
925 2484 931 2500 .
955 2487 962 2501 .
986 2455 1095 2520 neque
1124 2433 1159 2498 in
1183 2433 1261 2498 uni-

140 2565 236 2609 verso
260 2564 379 2628 genere
404 2542 552 2626 singulos
576 2542 776 2626 elaborasse,
801 2540 860 2607 sed
885 2541 1074 2626 seposuisse
1099 2560 1120 2604 a
1143 2539 1260 2605 ceteris

141 2649 339 2716 dictionibus
373 2670 447 2716 eam
478 2652 608 2735 partem
633 2648 771 2732 dicendi,
804 2669 890 2734 quae
919 2649 954 2712 in
977 2646 1167 2714 forensibus
1191 2644 1259 2709 dis-

141 2757 384 2843 ceptationibus
408 2755 603 2822 iudiciorum
627 2758 688 2822 aut
709 2755 986 2821 deliberationum
1001 2755 1200 2834 versaretur,
1226 2756 1261 2816 et

139 2863 171 2928 id
193 2885 299 2930 unum
322 2885 429 2947 genus
453 2863 577 2928 oratori
603 2862 794 2947 reliquisse«
829 2861 881 2948 (de
906 2863 980 2927 or.l
1004 2861 1034 2946 6,
1049 2860 1111 2943 22).
1157 2859 1260 2924 Deni-

140 2993 202 3058 que
234 2971 513 3038 considerandum
545 2978 605 3052 est,
638 2990 714 3035 cum
745 2970 967 3051 Hermagoras
1000 2969 1121 3052 omnia,
1154 2987 1259 3052 quae-

140 3099 278 3165 cumque
310 3078 433 3144 oratori
463 3077 647 3160 subiunxit,
680 3077 723 3142 ad
748 3079 853 3141 artem
883 3078 917 3140 et
941 3075 984 3141 ad
1007 3076 1186 3160 praecepta
1208 3095 1259 3138 re-

139 3186 318 3268 vocaverit,
352 3188 465 3271 aperte
499 3184 659 3250 traditum
687 3204 761 3249 esse
783 3182 933 3248 rhetores
958 3182 1260 3247 demonstrativum

138 3313 243 3376 genus
274 3313 343 3358 non
370 3292 569 3357 instruxisse
598 3290 785 3375 praeceptis
809 3290 957 3376 propriis,
1003 3287 1042 3353 V.
1060 3287 1151 3354 Sext.
1166 3285 1259 3372 Emp.

139 3399 211 3465 adv.
228 3399 331 3464 math.
348 3399 377 3463 ΙΙ
400 3399 478 3464 101:
504 3401 535 3463 οῖ
557 3400 689 3482 ῥήτορες
705 3401 743 3463 οὐ
759 3399 1012 3486 παραδεδώκαοί
1024 3420 1090 3460 τινα
1105 3396 1259 3478 μέθοδον,

139 3507 222 3590 δι’ἦς
245 3508 398 3589 εἰσόμεθα
421 3507 457 3570 τό
479 3507 555 3570 πότε
578 3507 632 3569 καὶ
654 3507 719 3569 τίνα
744 3507 979 3588 ἔγκωμιαστέον
1000 3506 1087 3568 ε’στίν.
1133 3501 1180 3567 Of.
1197 3499 1259 3565 Cic.

138 3613 177 3678 de
202 3612 292 3682 orss
318 3612 368 3697 10,
381 3611 425 3677 43
450 3633 536 3698 sqq,
564 3612 614 3694 12,
629 3611 687 3677 50:
723 3641 753 3678 >›.
778 3661 785 3676 .
808 3610 875 3695 illa,
901 3631 988 3695 quae
1013 3629 1112 3697 saepe
1137 3607 1259 3672 diserte

138 3719 268 3802 agenda
291 3722 372 3785 sunt
395 3723 429 3784 et
460 3739 546 3804 quae
579 3739 639 3800 ego
670 3716 770 3802 paulo
803 3719 892 3800 ante,
927 3737 999 3781 curn
1034 3713 1259 3800 eloquentiam

136 3825 307 3893 laudarem
344 3825 375 3913 (ᾧ
411 3827 463 3908 35,
500 3846 587 3910 quae
622 3823 756 3910 quidem
788 3823 831 3888 ad
865 3821 899 3887 id
935 3821 1082 3888 officium
1120 3821 1259 3886 oratoris

138 3935 277 4019 spectat,
303 3933 393 4019 quod
415 3933 450 3997 in
473 3932 574 3998 rebus
598 3929 841 4016 amplificandis
858 3928 912 3995 vel
936 3927 1160 3994 extenuandis
1183 3947 1259 3991 ver-

138 4041 254 4125 satur),
295 4038 363 4104 dixi
399 4039 539 4105 oratoris
579 4059 663 4120 esse,
702 4039 811 4123 neque
850 4037 978 4103 habent
1013 4055 1111 4100 suum
1150 4032 1258 4098 locum

137 4146 242 4212 ullum
271 4147 307 4212 in
339 4146 502 4212 divisione
533 4146 678 4231 partium
710 4165 818 4231 neque
848 4147 973 4209 certum
1005 4143 1258 4227 praeceptorum

137 4275 253 4338 genus,
279 4258 315 4319 et
338 4252 470 4336 agenda
493 4255 575 4318 sunt
597 4273 666 4317 non
689 4252 800 4316 minus
824 4250 956 4334 diserte,
988 4269 1089 4335 quam
1113 4267 1199 4333 quae
1223 4247 1259 4316 in
