3198 5054
758 433 1003 497 -106-

319 609 428 676 adhuo
451 609 513 676 viri
537 609 625 676 docti
652 609 902 696 sumpserunt.¹)
949 613 998 674 Ac
1021 631 1225 696 quamquam
1258 610 1440 676 nonnullae

319 715 558 802 explicationes
582 719 728 802 exstant,
762 738 780 782 e
804 718 925 804 quibus
949 720 1053 789 θέσεις
1076 717 1167 782 omni
1190 715 1442 784 circumstantia

320 825 493 909 careant,⁹)
532 827 656 909 tamen,
702 826 741 889 ut
779 845 838 890 eas
876 824 1118 907 Hermagoreas
1157 845 1231 890 esse
1269 845 1440 906 negemus,

318 933 450 1016 praeter
466 931 645 1013 Augustini
662 930 898 997 auctoritatem
923 934 957 996 et
972 951 1173 996 eonsensum
1189 930 1319 996 illorum
1341 931 1441 996 testi-

319 1037 504 1102 moniorum
529 1059 603 1103 cum
624 1037 871 1120 Augustinieno
896 1041 1164 1123 comparatorum
1186 1037 1238 1103 his
1264 1058 1441 1120 argumen-

318 1145 363 1208 tis
395 1144 549 1226 cogimur.
594 1141 658 1209 Vel
687 1165 745 1229 per
776 1166 812 1209 se
846 1143 1063 1229 improbabile
1096 1151 1148 1209 est
1171 1145 1346 1209 'lemninm
1377 1145 1440 1208 sub

319 1271 400 1317 voce
439 1253 563 1322 θέσεως
601 1249 703 1316 talem
742 1253 945 1316 sententiam
984 1251 1175 1333 subiecisse,
1216 1250 1306 1336 quali
1343 1253 1441 1335 μόρια

318 1355 530 1441 περιστάσεως
552 1378 687 1443 prorsus
712 1357 942 1436 excludantur,
967 1358 1124 1443 quoniam
1150 1361 1261 1424 orator
1283 1358 1318 1422 in
1343 1359 1441 1422 certis

320 1463 533 1550 definitisque
559 1465 668 1530 causis
692 1467 855 1544 versatur,
889 1486 973 1550 quas
997 1465 1062 1530 nisi
1085 1465 1223 1551 propriis
1254 1465 1442 1530 rationibus

320 1571 635 1656 condicionibusque
662 1573 822 1658 respectis
846 1571 1026 1638 diiudicare
1050 1592 1118 1638 non
1141 1575 1264 1657 potest,
1295 1575 1344 1654 ut,
1378 1572 1443 1636 etsi

319 1699 387 1743 rem
403 1680 608 1764 propositam
632 1677 675 1744 ad
698 1699 803 1761 genus
819 1679 1015 1744 universum
1034 1679 1145 1761 refert,
1171 1679 1441 1745 circumstantiae

318 1788 430 1870 partes
454 1784 553 1870 plane
577 1786 751 1869 neglegere
767 1788 911 1851 vetetur.
942 1787 1045 1851 Immo
1062 1807 1141 1852 vero
1157 1785 1439 1873 philosopherum,

320 1892 518 1977 quibuscum
557 1895 747 1958 concertare
785 1891 1025 1976 Hermagoram
1063 1915 1131 1958 non
1170 1914 1243 1958 esse
1283 1896 1441 1959 conatum

320 1999 491 2084 perspicue
531 1999 748 2081 ostendimus
792 2020 861 2064 non
898 1999 1070 2066 rhetorum
1109 2004 1161 2066 est
1198 2003 1269 2066 tam
1307 1999 1441 2065 infinite

320 2127 478 2190 quaerere
502 2127 604 2191 quam
626 2105 697 2170 fieri
722 2104 854 2170 videtur
877 2106 998 2172 axillis
1016 2107 1302 2193 explicationibus.
1340 2106 1441 2172 Porro

319 2210 410 2276 haud
446 2211 581 2277 dubium
618 2216 678 2294 est,
716 2214 795 2298 quin
827 2212 1047 2299 Apollodorus
1081 2213 1179 2296 longe
1214 2214 1281 2279 alia
1311 2213 1441 2280 ratione

321 2317 560 2384 adversaturus
591 2318 694 2386 luerit
716 2320 951 2402 Hermagorae,
984 2321 1013 2385 si
1034 2320 1089 2386 hic
1110 2329 1177 2393 ταῖς
1198 2324 1304 2386 θέσεσι
1327 2323 1364 2385 τὰ
1387 2329 1442 2404 τῆς

319 2427 531 2508 περιστάσεως
552 2428 650 2510 μόρια
675 2425 791 2492 deesse
808 2426 985 2511 docuisset,
1011 2431 1113 2513 atque
1129 2427 1169 2493 iit
1194 2428 1282 2513 apud
1299 2429 1440 2510 August.

320 2555 349 2618 p.
369 2531 441 2615 140,
456 2532 493 2597 ὃς
528 2532 617 2598 »Νεε
639 2531 771 2615 desunt,
797 2533 854 2618 qui
876 2532 930 2622 hio
954 2533 1055 2599 etiam
1079 2533 1308 2617 Hermagoran
1332 2533 1441 2599 orimi-

320 2623 451 2722 nentur,
477 2642 511 2704 et
526 2638 745 2726 Apollodorus
761 2639 797 2704 in
813 2640 937 2725 primis
963 2641 1019 2725 qui
1035 2644 1138 2724 negat
1154 2642 1332 2728 quicquam
1356 2640 1441 2706 aliut

320 2768 394 2812 esse
425 2745 629 2832 hypothesin
660 2768 760 2832 quam
792 2747 913 2831 thesin,
951 2749 986 2812 et
1018 2747 1142 2813 nullius
1174 2750 1335 2814 momenti
1365 2769 1440 2814 esse

320 2853 495 2918 discrimen
526 2873 757 2937 personarum:
796 2875 1000 2940 quamquam
1031 2859 1210 2941 utrumque
1241 2856 1303 2920 hoo
1334 2875 1440 2937 genus

322 2959 530 3044 quaestionis
554 2959 776 3043 Hermagoras
808 2960 1001 3027 distinxisse
1029 2961 1198 3046 videatur3
1230 2983 1299 3028 non
1329 2963 1440 3028 minus

321 3066 409 3132 enim
438 3066 607 3132 infinitam
639 3070 674 3132 et
703 3067 955 3134 interminatam
987 3089 1061 3134 esse
1089 3069 1315 3156 hypotheseos
1339 3091 1440 3155 quam

319 3174 454 3240 theseos
490 3174 729 3260 quaestionem.
788 3175 875 3239 Nam
914 3196 989 3240 cum
1024 3178 1213 3262 quaeratur,
1254 3176 1300 3241 sit
1335 3197 1440 3242 necne

320 3279 656 3346 animadvertendum
686 3281 721 3347 in
746 3279 895 3364 Oresten,
927 3303 996 3348 non
1028 3286 1205 3368 personam
1237 3303 1320 3367 esse,
1353 3305 1439 3370 quae

319 3388 424 3453 faciat
447 3388 687 3472 quaestionem,
721 3386 780 3453 sed
801 3387 939 3472 iactum,
965 3393 1000 3455 et
1023 3390 1105 3455 nihil
1128 3391 1299 3476 interesse,
1324 3411 1369 3456 an
1391 3391 1441 3456 ita

320 3497 508 3581 quaeratur,
548 3495 592 3559 sit
629 3514 734 3560 necne
774 3495 1109 3563 animadvertendum
1144 3499 1179 3563 in
1217 3497 1439 3563 matricidam:

320 3599 409 3686 quod
432 3601 460 3665 si
482 3601 532 3666 ita
556 3603 617 3686 est,
642 3600 725 3666 nihil
746 3589 836 3668 inter
858 3603 1060 3690 hypothesin
1083 3604 1262 3690 thesinque
1286 3604 1436 3671 distare«

320 3707 369 3772 Hx
385 3707 450 3773 hac
470 3729 602 3794 quoque
626 3709 834 3795 expositione
850 3711 1031 3793 Augustini
1054 3718 1094 3796 (p.
1114 3711 1187 3792 141,
1201 3712 1258 3798 24)
1281 3714 1337 3795 τὴν
1352 3715 1440 3778 θέσιν

320 3837 387 3881 non
427 3837 500 3880 esse
540 3818 744 3901 ἀπερίστατον
781 3816 1001 3900 intellegitur:
1023 3817 1231 3916 =»(persona)
1270 3821 1441 3904 spectatur

411 4040 429 4133 1’)
449 4063 558 4118 rorum.
586 4065 604 4118 1.
632 4065 677 4119 au.
706 4082 733 4135 p.
756 4065 803 4131 ee,
837 4065 969 4121 ueteres
1003 4082 1102 4122 comm.
1136 4067 1181 4121 ιιι.
1211 4085 1238 4138 p.
1258 4069 1301 4132 re,
1341 4067 1441 4122 norun

319 4153 412 4207 Herm.
432 4170 458 4223 p.
471 4153 515 4208 37.
1261 4165 1263 4170 ·
1433 4193 1436 4200 .

410 4260 428 4329 τι
451 4259 497 4329 ep.
510 4260 535 4314 11
550 4260 772 4328 rr‚24;·4e‚23;
792 4237 957 4328 niceam.
996 4263 1088 4329 Quint.
1101 4264 1139 4318 nr
1153 4265 1177 4329 5,
1189 4265 1214 4318 5.
