3198 5054
726 402 945 468 „78-

277 582 374 651 πείας.
398 578 473 664 (Oia
493 577 513 645 l.
530 577 582 644 ad.
606 577 627 666 ξ
647 578 724 665 164)
744 581 1012 665 »perseverantie
1035 581 1088 644 est
1110 579 1144 643 in
1168 578 1297 645 ratione
1313 577 1399 644 bene

278 685 490 752 considerata
512 685 642 752 stabilis
667 689 701 752 et
716 687 878 772 perpetua
895 685 1112 771 permansit«
1132 725 1175 757 m
1190 685 1294 768 (Steb.
1310 684 1329 751 l.
1347 684 1400 750 eli.

278 814 308 879 p.
325 793 377 875 til,
394 793 447 880 12)
477 795 727 876 καρτερίαν...
752 795 925 877 ἐπιστήμην
955 793 1165 877 ἑμμενητικὴν
1194 801 1258 864 τοῖς
1289 794 1401 875 ὀρθῶς

276 902 419 982 κριθεῖσι.
456 898 686 979 (Fortitudinis
701 898 836 984 reliquis
853 899 1013 985 pastibus,
1029 919 1115 984 quae
1131 898 1268 964 exhibet
1279 898 1399 981 Oieero,

278 1006 560 1088 magnificentiae,
576 1004 748 1088 fidentiae,
765 1006 951 1091 patientiae
964 1005 1102 1072 nomina
1113 1006 1247 1091 quidem
1259 1005 1398 1086 Graeca,

278 1111 423 1197 quaein
448 1111 634 1178 Stoicorum
658 1113 770 1178 ethica
793 1113 840 1178 eis
865 1115 954 1195 suut,
989 1132 1179 1198 comparare
1203 1133 1399 1198 possumus:

277 1220 526 1303 μεγαλοψυχίαν,
561 1222 725 1304 εὐψυχίαν,
761 1219 969 1304 φιλοπονίαν.)
1025 1217 1102 1304 (Oia.
1133 1217 1152 1284 l.
1184 1218 1236 1284 ali.
1268 1217 1289 1307 ξ
1323 1219 1401 1304 164)

282 1323 518 1392 »Continentia
541 1329 602 1410 est,
627 1347 685 1413 per
708 1347 809 1412 quam
833 1324 999 1412 cupiditas
1016 1325 1144 1393 consilii
1159 1326 1400 1410 gubernatione

278 1433 428 1515 rugitum
456 1473 500 1506 ω
524 1433 629 1520 (Stob.
653 1432 672 1499 l.
694 1431 746 1500 add.
762 1455 792 1519 p.
809 1433 862 1516 61,
879 1433 933 1519 11)
959 1436 1140 1517 ἐγκράτειαν
1165 1485 1171 1497 .
1196 1484 1203 1498 .
1227 1436 1400 1517 ἐπιστήμην

278 1543 497 1624 ἀνυπέρβατον
526 1548 591 1606 τῶν
620 1542 701 1605 κατὰ
730 1541 784 1606 τὸν
815 1541 918 1624 ὀρθὸν
943 1543 1039 1624 λόγον
1062 1544 1227 1624 φανέντων
1248 1540 1353 1626 (Diog.
1364 1540 1401 1605 L.

280 1645 340 1712 VII
364 1647 420 1735 93)
443 1653 462 1732 ἢ
487 1652 551 1723 ἕξιν
574 1651 725 1732 ἀήττητον
748 1650 885 1732 ἡδονῶν.

367 1753 519 1840 Denique
543 1775 662 1820 manee
686 1755 720 1820 in
738 1754 902 1821 Theodori
925 1775 1059 1841 quoque
1084 1754 1235 1821 doctrina
1257 1755 1402 1837 vestigia

279 1859 466 1927 Stoicorum
501 1882 669 1947 apparere.
721 1860 854 1927 Etenim
889 1859 977 1947 quod
1007 1861 1036 1926 is
1068 1864 1197 1927 statum
1227 1863 1401 1946 κεφάλαιον

279 1969 521 2056 γενικώτατον)
545 1967 728 2055 appellavit
752 1973 787 2033 et
810 1969 923 2034 omnia
944 1969 1060 2035 retulit
1087 1970 1131 2035 ad
1155 1970 1266 2055 capita
1288 1969 1400 2054 (κεφά-

277 2074 369 2161 λεια),
380 2076 403 2162 1)
427 2080 569 2162 utraque
595 2097 661 2141 vox
684 2075 815 2141 illorum
838 2075 1109 2163 philosopherum
1130 2097 1229 2142 usum
1244 2076 1402 2163 loquendi

278 2181 413 2248 redolet.
424 2184 446 2268 8)

370 2395 389 2463 1)
409 2396 503 2464 Quint.
517 2396 554 2449 ΙΙΙ
567 2398 592 2462 6,
601 2395 626 2452 2.

369 2486 389 2555 9)
410 2485 504 2554 Quint.
517 2486 554 2540 III
568 2487 609 2551 11,
619 2486 663 2541 26.

370 2577 388 2646 8)
408 2575 489 2646 Diog.
509 2576 540 2630 L.
553 2575 602 2630 VII
617 2575 675 2630 126.
714 2574 755 2630 ef.
781 2575 860 2629 Stob.
884 2575 992 2630 anthol.
1012 2593 1039 2630 v.
1058 2576 1083 2629 Il
1101 2593 1126 2646 p.
1140 2575 1294 2641 63.10W.;
1319 2575 1401 2645 Diog.

281 2665 311 2720 L.
324 2665 374 2720 VII
386 2665 429 2720 61.
