3198 5054
592 418 836 486 -149—

202 600 274 681 l42,
291 599 343 664 13:
364 601 383 682 ἡ
401 649 407 661 .
425 649 431 660 .
448 599 593 681 ἄγραφός
609 598 688 661 ἔστιν

158 708 312 791 ἀπαγωγὴ
343 707 402 790 μὲν
430 706 614 774 εὐθνόικίας
636 705 690 767 καὶ

156 818 232 899 αὐτὴ
263 815 343 878 κατὰ
376 813 592 896 παραγραφὴν
625 811 690 874 ἀπὸ

155 925 262 1006 ῥητοῦ,
285 923 341 1004 τὴν
365 922 399 984 δὲ
422 922 548 1003 ζήτησιν
564 921 604 983 οὐ
619 918 690 1001 περὶ
935 981 940 992 ,

157 1030 252 1112 ῥητὸν
284 1031 355 1112 ἔχει,
383 1028 460 1091 ἀλλὰ
483 1028 556 1110 περί
576 1051 602 1088 τι
625 1031 689 1089 τῶν
789 1022 863 1106 339,
888 1024 924 1088 3:
957 1075 963 1089 .
988 1075 993 1089 .
1022 1025 1276 1110 praescribimus

156 1138 227 1218 περὶ
248 1136 284 1199 τὸ
306 1141 447 1218 πρᾶγμα,
463 1135 561 1198 τόπον
577 1137 596 1216 ἢ
612 1133 688 1216 χρό-
742 1129 797 1195 vel
833 1152 874 1195 ex
906 1150 1049 1215 persona
1080 1183 1086 1197 .
1111 1183 1117 1197 .
1149 1131 1204 1198 vel
1235 1153 1277 1197 ex

155 1267 211 1308 νον
243 1247 262 1326 ἢ
293 1243 469 1325 πρόσωπον
500 1244 519 1323 ἢ
548 1242 688 1322 αἰτίανῆ
743 1239 891 1323 temporo
916 1289 922 1302 .
947 1287 953 1302 .
978 1236 1032 1303 vel
1063 1259 1105 1303 ex
1134 1237 1206 1305 loco
1238 1290 1275 1304 ..

155 1351 282 1432 τρόπον,
314 1350 387 1413 ὅταν
417 1349 452 1411 τό
475 1348 534 1432 μὲν
557 1353 689 1430 πρᾶγμα
744 1343 798 1410 vel
822 1365 864 1410 ex
886 1345 985 1410 mode
1010 1396 1016 1410 .
1041 1397 1046 1410 .

157 1461 384 1540 συγχωρῶμεν,
408 1458 442 1519 ἓν
466 1456 502 1519 δέ
523 1480 548 1517 τι
567 1455 689 1518 τούτων

157 1565 330 1646 αἰτιώμαῖα
352 1564 651 1646 μεταλαμβάνοντες.

181 1670 689 1753 142,19;οἷονέξῆνάποκτιννύναι
789 1665 939 1748 339,16;
966 1664 1141 1732 Adulteros
1158 1665 1275 1752 depre-

158 1779 211 1842 καὶ
225 1777 280 1841 τόν
294 1778 410 1861 μοιχὸν
425 1777 478 1840 καὶ
492 1777 548 1860 τὴν
559 1801 688 1861 μοιχεο-
743 1774 867 1838 hensos
891 1771 991 1838 liceat
1007 1772 1161 1838 occidere.
1197 1771 1276 1852 Qui·
1321 1825 1323 1830 ,

158 1887 290 1969 ομένην·
306 1884 360 1949 τὸν
374 1885 489 1968 μοιχὸν
505 1886 690 1956 ἀποκτείνας
744 1879 822 1945 dem
852 1879 1022 1945 adulteros
1050 1879 1275 1965 deprehendit,

157 2017 200 2062 τις
221 1993 323 2075 μόνον
352 1992 462 2076 χρόνῳ
487 1993 617 2074 ὕστερον
640 1994 690 2056 ἐπὶ
744 1987 886 2057 alterum
903 1986 1031 2070 oceidit,
1046 1985 1141 2052 alteri
1157 2008 1276 2073 peper-

157 2108 203 2181 τῷ
224 2102 318 2182 τάφῳ
348 2106 404 2163 τοῦ
424 2106 541 2182 μοιχοῦ
570 2100 688 2182 δακρύ-
744 2094 796 2160 eit.
843 2095 933 2160 Reus
964 2093 1076 2160 faetus
1105 2098 1164 2177 est,
1189 2093 1276 2180 qued

158 2230 256 2270 ονοαν
301 2207 406 2289 εὑρὼν
440 2207 599 2270 ἀπέκτεινε
634 2207 690 2289 τὴν
743 2222 810 2267 non
843 2205 877 2267 et
899 2200 991 2266 illem
1015 2200 1205 2267 occidisset:
1230 2203 1277 2268 sie

157 2320 299 2394 γυναῖκα,
338 2314 391 2376 καὶ
422 2313 525 2395 φόνον
561 2314 688 2396 φεύγει·
744 2330 779 2374 se
812 2307 971 2392 defendit,
1004 2311 1043 2373 ut
1074 2309 1196 2374 diceret
1219 2330 1278 2396 per

154 2419 209 2483 τὸν
228 2421 289 2502 γὰρ
303 2420 400 2484 τόπον
416 2420 552 2484 ἐνταῦθα
568 2421 691 2490 καὶτὸν
744 2436 891 2482 amorem
930 2413 1075 2481 occidere
1114 2436 1182 2481 nen
1216 2438 1277 2502 pe·

156 2525 275 2609 χρόνον
309 2528 483 2609 αἰτιώμεθα
517 2529 688 2610 δήπουθεν.
743 2523 857 2588 tuisse.
915 2521 1101 2588 Absolutus
1137 2521 1278 2588 eandem

707 2636 711 2640 ’
743 2632 863 2716 postea
873 2629 1004 2694 invenit
1013 2627 1277 2714 apudtumulum

745 2736 888 2803 adulteri
941 2737 1094 2819 flantem3
1144 2736 1277 2801 occidit:

743 2865 821 2910 rous
838 2847 891 2909 est
907 2843 1025 2909 caedis.
1061 2841 1278 2909 Manifestum

744 2955 798 3016 est
820 2950 1074 3016 translationem
1099 2971 1172 3016 esso
1197 2954 1232 3015 ot
1257 2971 1278 3014 a

744 3061 892 3145 temporo
917 3061 952 3123 st
975 3079 996 3122 a
1018 3056 1099 3123 loco.

204 3147 229 3213 1.
257 3147 407 3231 167,12;
431 3152 450 3233 ἡ
475 3153 618 3234 προβολή
630 3153 651 3231 ¹)

200 3251 691 3340 2.167,13;τὸπαραγραφιιιόν
793 3254 819 3319 1.
837 3254 909 3336 339,
926 3253 985 3318 263
1002 3252 1277 3339 praescriptivum

744 3360 945 3448 praecedens

201 3469 229 3534 3.
257 3469 405 3552 167,15;
429 3473 448 3554 ἡ
471 3473 646 3555 μετάληψις
789 3469 818 3534 2.
840 3467 914 3550 339,
928 3467 986 3533 29;
1006 3467 1081 3552 ipsa
1101 3465 1277 3532 translatio

199 3575 229 3641 4.
257 3575 327 3659 167,
347 3577 402 3643 191
434 3579 452 3641 ὁ
484 3580 691 3661 συλλογισμός
790 3576 818 3641 3.
843 3575 918 3656 339,
936 3575 994 3640 31;
1018 3596 1078 3660 per

201 3684 229 3748 5.
257 3682 328 3766 167,
347 3684 405 3748 22;
429 3686 447 3749 ὁ
471 3686 548 3767 ὅρος
1197 3749 1201 3756 ,
1277 3717 1279 3720 ·

201 3790 229 3855 6.
257 3789 329 3872 167,
346 3791 405 3856 23;
430 3794 449 3874 ἡ
474 3794 626 3863 ἀντίθεσις
790 3788 829 3875 (4.
855 3787 929 3872 339,
955 3788 1006 3870 33,
1027 3789 1085 3853 35:
1117 3787 1278 3868 maius,a

744 3917 874 3962 summo
899 3894 942 3960 ad
965 3896 1079 3975 imum)

200 4004 229 4069 7.
257 4004 403 4088 167,24;
435 4008 454 4088 ἡ
483 4007 572 4089 ἑτέρα
594 4008 688 4088 μετά-
789 4005 817 4069 5.
843 4003 917 4085 340,
935 4003 971 4067 2:
1003 4001 1069 4067 alia
1100 3999 1277 4066 translatio

156 4113 251 4195 ληνις

156 4221 370 4230 ι----ι

246 4254 264 4322 ¹)
284 4254 325 4308 ef.
346 4254 476 4323 Hermog.
496 4253 653 4324 exemplum
673 4271 735 4308 oum
756 4253 870 4324 Sulpicii
889 4271 915 4325 p.
929 4252 989 4317 339,
1003 4252 1033 4306 11
1055 4251 1125 4322 (344,
1138 4249 1187 4320 17).
