3198 5054
600 441 843 506 -107-

160 620 291 686 duobus
314 619 431 702 modis,
464 639 506 685 ex
537 618 671 684 nomine
695 621 730 684 et
753 617 926 702 qualitate.
972 615 1022 681 Ex
1053 617 1186 682 nomine
1219 616 1282 680 hoc

160 726 274 793 modo:
299 727 399 812 quis?
436 725 603 808 Camillus,
629 724 660 790 O.
677 723 812 806 Marius,
837 725 870 788 L.
888 722 988 789 Sulla.
1027 721 1077 788 Ex
1101 723 1281 808 qualitate:

161 835 259 920 quis?
292 834 385 899 dives
410 836 445 900 et
467 853 602 919 pauper,
626 833 813 917 imperator.
860 829 922 896 Est
945 833 1059 896 autem
1084 829 1225 895 definita
1247 829 1282 894 in

160 942 360 1023 nominibuS,
384 939 520 1006 infinita
542 940 578 1006 in
602 937 821 1024 qualitatibus
845 957 1061 1024 personarum
1086 935 1280 1022 perspectio,

161 1047 293 1135 quando
325 1049 360 1112 in
392 1047 652 1133 appellationem
682 1045 764 1110 nihil
795 1048 927 1132 praeter
957 1065 1080 1110 nomen
1113 1044 1211 1128 eadit,
1247 1041 1283 1108 in

161 1154 360 1242 qualitatem
383 1159 417 1220 et
434 1155 569 1220 fortuna
593 1157 628 1219 et
651 1156 747 1218 aetas
772 1157 805 1218 et
829 1151 976 1219 condicio
1001 1155 1036 1218 et
1052 1149 1226 1237 disciplina
1249 1152 1284 1216 et

161 1265 282 1342 cetera,
307 1283 394 1347 quae
418 1263 499 1327 sunt
514 1260 650 1326 infinita
665 1280 832 1326 numero«
867 1261 999 1325 Etenim
1015 1258 1191 1324 definitam
1207 1277 1283 1344 per-

161 1371 366 1455 spectionem
383 1367 425 1433 ad
440 1369 495 1440 τάς
510 1370 687 1442 ὑποθέσεις,
702 1366 872 1432 infinitam
889 1365 931 1432 ad
947 1368 1002 1438 τὰς
1016 1368 1120 1444 θέσεις
1136 1363 1284 1430 referen-

162 1477 239 1542 dam
274 1496 347 1541 esse
382 1479 441 1560 pat
463 1477 485 1540 t.
539 1474 719 1540 Praeterea
754 1472 999 1539 consideremus
1035 1475 1167 1558 oportet
1201 1473 1284 1537 haec

161 1582 265 1648 verba
281 1582 461 1665 Augustini
483 1581 697 1667 (p.142,13):
718 1581 872 1648 »florum
896 1579 1110 1648 articulorum
1131 1583 1190 1660 (sc.
1205 1599 1284 1663 par-

162 1691 246 1756 tium
279 1689 563 1776 circumstantiae)
587 1742 593 1755 .
618 1738 624 1753 .
649 1739 655 1753 .
680 1739 686 1754 .
711 1690 772 1753 aut
803 1687 951 1753 omnium
981 1690 1042 1752 aut
1069 1686 1284 1772 plurimorum

162 1796 335 1862 rationahs
367 1817 548 1862 concursus
580 1794 684 1860 faciet
715 1794 844 1860 civilem
876 1794 1136 1879 quaestionem«
1190 1791 1284 1856 Unde

164 1906 303 1990 apparet
325 1903 478 1969 futurum
503 1923 586 1986 esse,
612 1906 651 1967 ut
674 1905 706 1966 αἱ
727 1905 840 1976 θέσεις,
864 1902 894 1966 si
917 1900 1168 1966 circumstantia
1190 1919 1284 1984 pror-

164 2033 220 2076 sus
244 2011 393 2076 nudatae
418 2012 540 2093 essent,
565 2010 694 2080 notioni
716 2017 775 2074 τοῦ
796 2011 956 2074 πολιτικοῦ
980 2011 1157 2092 ζητήματος
1180 2005 1286 2072 subici

164 2139 231 2183 non
266 2119 415 2203 possent,
451 2117 485 2182 id
517 2116 605 2203 quod
638 2117 832 2182 testimonio
868 2137 970 2201 supra
1005 2115 1107 2181 allato
1132 2114 1288 2200 (August

164 2246 192 2310 p.
212 2225 285 2306 139,
299 2224 352 2304 23)
376 2226 548 2310 repugnat.
583 2223 700 2314 Itaque
721 2228 900 2309 utrumque
921 2243 1026 2304 genus
1051 2220 1286 2308 quaestionum

165 2331 434 2397 circumstantiae
451 2331 617 2417 particeps
642 2351 715 2396 esse
740 2328 958 2395 statuendum
983 2332 1044 2412 est,
1069 2328 1102 2394 id
1119 2327 1207 2415 quod
1223 2329 1286 2392 hoe

164 2439 234 2505 loco
260 2438 425 2504 Ciceronis
449 2442 515 2526 top.
540 2436 604 2524 (21,
618 2437 674 2525 80)
699 2438 927 2503 confirmatur:
955 2435 1084 2502 »Causa
1107 2435 1287 2523 (ὑπόθεσις)

165 2545 262 2611 certis
283 2546 443 2631 personiS,
468 2545 558 2627 locis,
583 2544 799 2630 temporibus,
825 2543 1023 2625 actionibus
1049 2543 1190 2625 negotiis
1215 2562 1286 2606 oer-

164 2653 255 2719 nitur
278 2653 395 2718 autin
421 2652 575 2721 omnibus
599 2652 717 2718 autin
740 2652 905 2738 plerisque
929 2670 1052 2731 eorum,
1081 2647 1287 2735 propositum

166 2763 273 2842 (θέσις)
305 2761 419 2825 autem
450 2762 511 2825 aut
540 2759 575 2824 in
607 2758 718 2844 aliquo
751 2778 865 2824 eorum
896 2759 957 2823 aut
985 2758 1021 2821 in
1044 2755 1193 2844 pluribus
1226 2775 1287 2819 nec

165 2870 279 2931 tamen
314 2867 348 2930 in
384 2866 578 2931 maxumis«
636 2865 728 2945 Quae
766 2865 1003 2950 explicationes
1037 2863 1101 2929 hoc
1136 2862 1287 2948 exemplo

166 2972 311 3039 Theonis
336 2977 434 3058 (prog.
451 2972 504 3059 Sp.
520 2972 549 3037 ΙΙ
572 2973 625 3054 61,
639 2972 673 3058 9)
699 2970 841 3036 dilucide
864 2971 1089 3036 illustrantur:

254 3083 361 3152 θέσις·
375 3083 404 3144 εί
423 3083 577 3164 προσήκει
600 3081 881 3162 πολιορκουμένοις
898 3079 1073 3161 στράτευμα
1089 3080 1223 3160 πέμπειν
1246 3079 1289 3146 εἰς

165 3190 220 3271 τὴν
243 3190 424 3272 ὑπερορίαν,

255 3296 408 3364 ὑπόθεσις
421 3315 427 3328 ·
440 3296 468 3358 εἰ
496 3295 676 3376 Ἀθηναίοις
713 3295 867 3375 προσήκει
904 3291 1195 3374 πολιορκουμένοις·
1224 3290 1288 3354 ὑπὸ

166 3403 436 3484 Πελοποννησίων
459 3403 503 3471 είς
525 3401 672 3464 Σικελίαν
695 3401 871 3483 στράτευμα
895 3401 1037 3482 πέμπειν.

257 3507 396 3593 Exque
420 3527 487 3572 non
512 3507 620 3571 solum
643 3525 870 3592 personarum,
904 3504 962 3570 sed
987 3503 1290 3571 etiamoivitatum

168 3619 202 3680 et
223 3613 532 3680 locorum'nomiua
554 3615 687 3699 propria
703 3612 923 3678 differentiam
947 3603 1108 3677 efficiunt.
1147 3611 1289 3676 Herma·

168 3743 283 3806 goram
307 3725 430 3803 autem,
456 3721 519 3786 etsi
535 3719 593 3785 illa
608 3723 743 3786 tantum
766 3721 803 3784 in
818 3719 1066 3785 definitionibus
1084 3717 1290 3803 quaestionis

168 3827 332 3912 generalis
357 3832 392 3894 et
415 3827 568 3914 specialis
591 3826 747 3913 respexit,
773 3827 893 3912 quippe
911 3843 997 3911 quae
1021 3825 1089 3890 sint
1112 3822 1290 3910 praecipua

167 3936 202 4000 in
235 3935 468 4001 controversiis
495 3925 715 4014 iudicialibus,
748 3933 832 3998 haec
863 3935 977 3997 tamen
1008 3951 1076 3996 non
1108 3929 1290 3995 exclusisse

168 4063 202 4107 re
226 4043 301 4128 ipsa
324 4044 471 4128 apparet.
1064 4093 1066 4097 .

258 4148 479 4214 Distinctione
506 4139 650 4212 'theseos
689 4149 724 4211 et
757 4145 984 4232 hypotheseos
1017 4141 1072 4210 'ita
1110 4144 1292 4228 explanata

169 4256 268 4322 simul
293 4255 533 4339 cognoscimus,
559 4255 647 4340 quid
662 4253 725 4318 sibi
747 4253 828 4318 velit
852 4253 974 4340 duplex
998 4251 1161 4338 quaestio,
1187 4249 1292 4315 altera
