3224 5044
774 417 996 484 ..14-

324 615 365 660 ac
399 595 566 680 quaedam
597 593 784 662 locutiones
794 597 817 679 1)
851 595 905 662 hic
944 599 978 662 et
1009 596 1076 662 illic
1113 597 1336 683 compluribus
1366 599 1447 665 locis

324 705 508 768 occurrunt.

414 809 565 895 Denique
597 830 636 876 eo
668 811 776 893 magis
806 809 873 876 huc
902 810 1053 877 inclinati
1082 829 1208 894 sumus,
1237 814 1278 877 ut
1304 810 1446 878 Hermo-

324 935 441 998 genem
465 915 500 982 in
525 915 672 981 statibus
688 915 882 984 enarrandis
899 939 941 982 ex
958 917 1032 982 aliis
1048 917 1244 1003 pependisse
1261 915 1445 1002 credamus,

324 1021 413 1107 quod
428 1021 463 1088 in
479 1023 793 1110 progymnasmatis‚
818 1027 857 1089 ut
873 1023 1073 1111 Hoppichler
1083 1025 1108 1110 ²)
1125 1023 1378 1109 demonstravit,
1404 1047 1446 1090 ex

324 1129 434 1196 alieno
457 1127 598 1212 largitus
622 1132 682 1196 est.

413 1235 540 1316 Quibus
552 1236 681 1304 iudiciis
693 1236 874 1323 patefactis
884 1236 1136 1324 Hermogenem,
1156 1237 1310 1324 quamvis
1322 1259 1447 1323 magne

324 1341 544 1409 admiratione
568 1342 759 1430 aequalium
789 1347 825 1411 et
851 1345 1042 1431 posterioris
1070 1346 1194 1412 aetatis
1222 1344 1368 1411 affectus
1392 1347 1444 1429 sit,

324 1448 365 1515 de
397 1451 550 1516 statuum
586 1449 736 1517 doctrina
771 1450 970 1537 expolienda
1000 1452 1056 1518 vel
1087 1451 1242 1534 augenda
1271 1452 1447 1535 insigniter

323 1558 478 1622 meritum
511 1579 585 1624 esse
616 1578 778 1640 negemus
812 1561 951 1645 oportet.
1006 1558 1124 1645 ltaque
1156 1562 1270 1625 nostro
1302 1559 1372 1624 iure
1402 1557 1445 1624 ad

325 1663 558 1749 quaestionem
582 1663 839 1748 absolvendam,
871 1686 958 1752 quae
990 1663 1113 1732 debeat
1142 1665 1178 1731 in
1201 1687 1243 1731 ea
1274 1665 1447 1752 disciplina

324 1773 446 1836 artium
471 1771 685 1857 scriptoribus
708 1773 890 1852 veteribue,
916 1771 1112 1839 accedimus.

413 1947 432 2018 ¹)
451 1948 553 2014 Veluti¹
572 1945 699 2005 πολλάκις
717 1945 941 2021 διεμαρτυράμηνε
961 1966 1027 2021 pgg.
1049 1949 1108 2016 170,
1121 1950 1170 2020 22;
1194 1949 1255 2016 283,
1268 1949 1300 2016 43
1325 1948 1444 2016 337,14;

323 2037 443 2104 349,18;
469 2037 531 2103 401,
541 2037 584 2092 26.
605 2079 611 2092 .
632 2079 638 2092 .
657 2041 703 2090 νῦν
727 2037 756 2090 ob
774 2042 836 2111 περὶ
860 2037 967 2102 τούτων,
992 2035 1073 2094 ttici:
1097 2055 1162 2111 pgg.
1184 2038 1299 2105 133,11;
1326 2037 1444 2104 140,32;

326 2126 428 2194 17⁰‚7;
447 2125 566 2193 266,18;
586 2126 688 2194 283,7;
707 2127 828 2194 350‚11;
847 2128 909 2194 401,
920 2128 963 2184 25.

414 2215 433 2284 ⁹)
452 2215 495 2270 De
510 2215 634 2281 Theona,
647 2216 824 2287 Hermogene
836 2216 1058 2289 Aphthonioque
1069 2219 1348 2288 progymnasmatum
1361 2217 1445 2287 scrip·

323 2303 438 2359 toribus,
475 2305 638 2375 Virceburgi
658 2305 727 2360 1884
744 2322 789 2377 pg.
802 2306 839 2360 28
850 2323 911 2378 sqq.
