3198 5054
742 414 986 478 -134-

302 587 373 655 fere
398 593 596 672 argumenta
619 591 700 654 sunt
731 594 765 656 ct
796 613 839 656 ex

303 716 521 781 personarum
537 696 789 763 circumstantia
805 701 840 763 et

305 803 838 890 exoccasionibusfaciendi,quas

304 910 486 995 poterimus
511 910 693 978 ostendere.

349 1039 378 1102 p.
396 1016 541 1100 auam:
573 1018 718 1098 Quartus
745 1017 838 1084 locus

305 1145 326 1189 a
350 1145 491 1189 summo
505 1124 549 1188 ad
563 1125 667 1189 imum
688 1128 837 1207 vocatur,

304 1231 340 1297 in
372 1252 437 1317 quo
470 1231 698 1315 persequimur
726 1230 839 1296 ordine

306 1337 480 1403 criminum
504 1337 630 1421 signa1)
650 1358 717 1402 non
742 1337 841 1403 simul

307 1444 428 1526 omnia,
454 1443 512 1510 sed
536 1443 676 1530 carptim
700 1443 840 1528 singula,

307 1550 395 1617 unde
408 1550 500 1617 locus
510 1572 532 1616 a
541 1572 671 1616 summo
681 1551 725 1616 ad
736 1552 840 1616 imum

302 1660 454 1723 vocatur.

350 1786 380 1850 p.
405 1764 480 1848 326,
499 1765 555 1830 33:
586 1766 756 1832 Derivatio
789 1768 841 1830 est

307 1870 400 1937 locus
425 1893 468 1936 ex
483 1873 530 1936 rei
545 1875 650 1957 parte,
668 1893 726 1958 per
741 1893 841 1958 quem

305 1979 416 2045 locum
463 1979 656 2044 derivantur
698 1979 841 2044 criminis

307 2086 551 2172 signa,²)1quae
576 2085 619 2151 ab
647 2089 841 2152 accusatore

309 2192 471 2257 dicuntur.

352 2320 382 2384 p.
411 2298 489 2382 327,
509 2300 543 2365 8:
579 2299 668 2365 Scire
700 2349 706 2364 .
739 2351 745 2366 .
780 2320 842 2365 nos

308 2407 440 2490 oportet
471 2427 546 2471 eam
576 2427 645 2472 non
676 2427 749 2472 esse
781 2407 841 2472 ali-

308 2511 443 2597 quando
497 2512 680 2598 perfectam
733 2535 842 2600 neque

309 2620 464 2686 omnibus
494 2619 575 2686 locis
607 2620 787 2702 divisionis,
814 2621 843 2684 si

309 2726 486 2792 deficiatur
523 2729 584 2792 aut
625 2746 842 2812 personarum

309 2833 841 2900 circumstantiaautrerum.Per-

310 2960 467 3006 sonarum
484 2940 735 3006 circumstantia
749 2942 843 3008 defici

308 3048 430 3133 potest‚
456 3046 484 3111 si
507 3050 653 3132 ponatur
668 3047 746 3114 talis
764 3070 842 3114 con-

308 3154 484 3221 troversia:
509 3155 651 3235 Quidam
674 3157 710 3221 in
726 3156 842 3220 solitu-

309 3260 384 3326 dine
415 3261 574 3328 inventus
606 3265 667 3344 est,
696 3261 842 3346 gladium

310 3371 485 3434 cruentum
516 3369 635 3434 tenens
668 3372 702 3434 et
728 3390 843 3436 recens

310 3473 409 3539 occisi
421 3474 564 3541 cadaver
576 3475 843 3561 sepeliens:reus

311 3580 495 3649 cstcaedis.
531 3581 693 3649 Hicenim
710 3583 843 3668 quidem

311 3692 364 3754 est
399 3688 564 3776 quaedam
595 3710 748 3775 persona,
785 3690 844 3757 sed

311 3797 597 3862 circumstantiam
620 3818 687 3862 non
703 3797 843 3878 habens,

893 594 1141 658 xoiovdodvrmv
1174 601 1221 676 τῷ
1258 597 1427 677 προσώπῳ

893 703 1013 782 γίνεται.

937 1040 967 1104 p.
991 1019 1143 1100 145,15:
1173 1021 1217 1086 Τὰ
1246 1023 1304 1084 ἀπ’
1327 1024 1430 1106 ἀρχῆς

894 1129 967 1209 ἄχρι
996 1127 1104 1198 τέλους
1132 1129 1193 1191 ἐστὶ
1219 1130 1279 1211 μὲν
1307 1131 1353 1200 ὡς
1379 1131 1429 1194 ε’τιὶ

877 1233 929 1296 ,τὸ
958 1235 1107 1298 ,πλείσταν
1144 1242 1200 1298 τοῦ
1238 1238 1428 1320 κατηγόρου,

895 1342 1006 1422 γίνεται
1031 1342 1065 1405 δὲ
1092 1343 1146 1406 καὶ
1177 1344 1340 1416 αὐξάνεται
1371 1345 1427 1426 ἀφ’

895 1445 1003 1530 ὦνπερ
1038 1449 1091 1512 καὶ
1133 1452 1152 1531 ἡ
1187 1456 1252 1514 τῶν
1291 1451 1429 1532 ἐλέγχων

896 1556 1067 1638 ἀπαίτησις,
1092 1558 1153 1618 ἔστι
1178 1557 1212 1619 δὲ
1234 1557 1308 1620 τάδε
1322 1559 1375 1631 τίς,
1390 1560 1427 1639 τί,

895 1669 968 1735 ποῦ,
992 1667 1071 1735 πῶς,
1094 1663 1179 1736 πότε,
1204 1663 1254 1726 διὰ
1278 1665 1333 1730 τί,

939 1789 969 1852 p.
989 1767 1061 1851 146,
1075 1768 1130 1832 25:
1145 1768 1187 1832 ‘H
1197 1771 1365 1852 μετάθεσις
1376 1779 1431 1854 τῆς

895 1877 992 1945 αἰτίας
1014 1875 1097 1957 πρὸς
1111 1876 1148 1938 τὰ
1164 1877 1221 1938 ἀπ’
1241 1878 1342 1960 ἀρχῆς
1357 1879 1431 1960 ἄχρι

894 1970 1002 2052 τέίοας
1026 1984 1145 2064 γίνεται.

940 2322 970 2385 p.
990 2300 1062 2382 149,
1077 2302 1133 2367 21:
1157 2305 1213 2368 εἰσὶ
1229 2305 1265 2368 δέ
1283 2329 1362 2376 τινες
1377 2307 1431 2369 καὶ

897 2408 1011 2479 ἀτελεῖς
1040 2416 1104 2473 τῶν
1132 2418 1321 2494 στοχασμῶν
1351 2463 1357 2474 .
1387 2463 1393 2475 .
1424 2463 1430 2474 .

897 2515 1006 2598 ἀτελὴς
1030 2517 1065 2579 ἐκ
1091 2517 1206 2600 μόνων
1233 2521 1431 2601 πραγμάτων

896 2624 1054 2693 συνεστώς
1065 2625 1153 2698 ἐστιν,
1171 2625 1247 2689 ὅταν
1256 2626 1290 2688 τὸ
1298 2625 1429 2708 πρόσω-

895 2753 958 2793 πον
994 2730 1040 2812 μὴ
1079 2729 1101 2813 ᾖ
1138 2733 1326 2814 κρινόμενον
1361 2734 1432 2804 ἑνὸς

896 2837 987 2906 ὄντας
1028 2844 1084 2900 τοῦ
1122 2840 1320 2922 πράγματος,
1364 2841 1432 2904 οἷον

895 2944 1031 3007 θάπτων
1060 2968 1104 3014 τις
1132 2947 1304 3028 νεοαῳαγὲς
1335 2953 1431 3030 σῶμα

897 3051 950 3113 ἐπ’
978 3052 1109 3133 ἐρημίας
1142 3054 1343 3135 πεφώραται,
1378 3055 1433 3116 καί

896 3158 999 3239 φόνον
1023 3160 1132 3241 φεύγει
1148 3209 1154 3221 .
1168 3157 1260 3229 οὗτος
1282 3160 1433 3243 βούλησιν

897 3265 957 3346 μὲν
979 3266 1032 3328 καὶ
1049 3266 1183 3348 δύναμιν
1199 3267 1259 3329 οὐκ
1281 3269 1351 3348 ἔχει,
1367 3274 1433 3337 ταῖς

898 3371 933 3434 δὲ
979 3373 1082 3442 ἄλλοις
1133 3373 1291 3456 διαιρεῖται
1336 3379 1431 3437 πᾶσιν

898 3479 1020 3561 ὁμοίως
1039 3487 1085 3560 τῷ
1101 3480 1216 3562 τελείῳ.

401 3958 419 4026 ²)
437 3956 585 4027 Proprium
604 3957 782 4013 coniecturae
795 3958 867 4012 bene
879 3958 1033 4028 respicitur,
1053 3975 1111 4012 non
1124 3960 1192 4013 item
1205 3960 1240 4013 ab
1254 3959 1431 4028 Hermogene

310 4045 356 4114 (ci.
376 4046 592 4116 explicationem
612 4064 629 4100 a
643 4047 766 4118 Sulpicio
780 4064 806 4117 p.
821 4046 882 4112 225,
893 4046 925 4100 21
948 4047 1110 4111 exhibitam,
1131 4064 1215 4117 quam
1229 4049 1302 4118 apud
1315 4047 1432 4102 Hermo-

311 4150 412 4203 genem
431 4134 640 4206 desideramus).

303 4280 309 4294 ,
401 4224 420 4292 2)
439 4225 532 4288 Minus
551 4228 682 4279 accurate
701 4226 891 4294 Hermogenes
911 4226 991 4280 dicit:
1011 4223 1154 4293 μετάθεσις
1172 4228 1229 4290 τῆς
1248 4225 1372 4280 αἰτίας.
