3198 5054
767 433 1014 500 -146-

326 614 444 698 μεταξὺ
478 621 542 679 τῶν
573 615 756 696 κεφαλαίων
788 614 864 677 ἄλλο
919 614 1051 695 vocant,
1075 615 1113 678 ut
1145 611 1234 677 aliud
1262 612 1396 698 quidem
1417 613 1453 678 in

272 801 274 806 Ι
328 723 447 806 ε’μπέαη
474 722 596 805 ζήτημα
617 721 801 804 ὁλόκληρον,
816 769 822 783 .
837 771 863 784 ..
920 720 1154 805 quaestionem
1171 719 1288 786 veniat
1308 723 1343 785 et
1362 717 1454 784 aliud

919 826 1091 908 iudicetur,
1109 877 1116 891 .
1133 879 1139 892 .
1157 876 1163 890 .

376 933 448 1015 156,
463 934 518 998 30:
550 934 703 1017 Πέμπτον
726 934 810 1005 εἶδος
834 935 865 998 οῖ
963 932 1038 1015 338,
1052 933 1108 998 25;
1132 931 1185 998 Fit
1204 932 1398 1019 plerumque
1411 955 1454 998 ox

330 1043 389 1105 δύο
404 1043 595 1124 καλούμενοι
612 1043 690 1124 ὅροι,
708 1043 726 1105 ὃ
743 1043 863 1123 γίνεται,
918 1059 985 1104 uno
1011 1040 1131 1125 scripto
1153 1039 1277 1126 duplex
1300 1041 1453 1126 quaestio

329 1150 404 1212 ὅταν
427 1150 510 1232 περὶ·
527 1149 586 1212 δύο
614 1148 782 1231 ὀνομάτων
807 1148 861 1231 ἐφ’
919 1144 1100 1229 definitiva,
1125 1150 1164 1213 ut
1187 1147 1216 1211 si
1242 1146 1326 1212 haec
1350 1168 1455 1212 causa

330 1255 400 1325 ἑνὸς
427 1257 605 1337 προσώπου
636 1257 656 1338 ἡ
688 1257 813 1337 ζήτησις
842 1253 864 1337 ,ἦ
920 1253 965 1318 sit
987 1255 1110 1338 posita:

330 1363 390 1424 οὐκ
404 1363 720 1444 ἀντονομαζομένων,
733 1362 801 1425 οἷον
811 1361 865 1425 τὸν
965 1360 1127 1426 Sacerdos
1158 1382 1261 1447 purus
1294 1362 1338 1426 sit
1369 1364 1404 1426 ot
1436 1381 1453 1424 o

329 1469 477 1552 καθαρὸν
490 1470 543 1532 καὶ
557 1471 592 1532 ἐκ
613 1470 763 1552 καθαροῦ
780 1471 864 1551 ἱερᾶ-
919 1467 1023 1553 puris:
1058 1470 1189 1553 patrem
1224 1487 1321 1534 suum
1359 1488 1455 1532 reum

331 1576 430 1640 σθαι.
455 1578 573 1659 πατέρα
588 1601 633 1647 τις
651 1575 768 1659 μοιχὸν
784 1579 863 1640 ἀττα-
919 1573 1116 1660 proditionis
1134 1573 1215 1640 fecit
1239 1578 1273 1641 ot
1297 1575 1454 1661 optinuit3

330 1685 452 1753 κτείνας
463 1686 593 1766 εἴργεται
606 1683 865 1767 ῖερᾶσθαιηγὰρ
919 1681 1017 1766 potiit
1029 1680 1260 1747 sacerdotium.
1293 1681 1454 1748 Hioenim

332 1791 457 1873 ζήτησις
479 1791 523 1860 τίς
546 1791 564 1853 ὁ
587 1790 735 1873 καθαρὸς
753 1791 808 1854 καὶ
822 1793 866 1860 τίς
921 1787 1101 1873 separatim
1119 1789 1298 1873 quaeritur,
1316 1787 1394 1875 quid
1411 1788 1456 1853 sit

331 1898 409 1960 ὁέκ
432 1898 591 1979 καθαροῦ,
610 1947 640 1960 ..
921 1916 939 1959 o
970 1895 1070 1981 puris,
1104 1898 1139 1961 ot
1170 1896 1350 1982 separatim
1375 1895 1454 1980 quid

921 2001 966 2066 sit
988 2023 1115 2088 purum.

91 2128 137 2182 111.
152 2127 232 2195 Qual.
241 2127 328 2181 absol.
380 2109 405 2174 l.
433 2109 575 2190 157‚11:
599 2113 618 2193 ἡ
642 2113 787 2193 προβολή

279 2271 281 2276 .
377 2217 406 2283 2.
434 2216 575 2297 157,11;
608 2216 643 2280 τὸ
669 2218 784 2300 μόριον
811 2224 866 2282 τοῦ

333 2325 456 2388 δικαίου
865 2415 866 2419 ¹
954 2331 991 2396 of.
1008 2331 1083 2414 344,
1100 2332 1136 2396 11
1170 2331 1258 2398 infra
1281 2333 1343 2398 sub
1372 2354 1403 2396 n.
1425 2333 1454 2396 2.

378 2430 406 2494 3.
434 2429 576 2510 157,13;
600 2431 635 2494 τὸ
658 2432 834 2514 πρόσωπον

376 2537 407 2604 4.
434 2536 506 2619 157,
521 2537 577 2602 23:
602 2539 620 2601 ὁ
644 2539 720 2620 ὅρος
971 2536 996 2600 l.
1022 2535 1096 2618 344,
1108 2536 1137 2620 9,
1172 2537 1228 2602 22:
1270 2536 1441 2602 finitivum

922 2642 1123 2728 praecedens

378 2734 408 2799 5.
435 2732 507 2815 157,
521 2732 577 2798 253
610 2736 629 2797 ὁ
662 2735 870 2817 συλλογισμός

378 2840 408 2906 6.
435 2839 508 2920 157,
522 2840 578 2906 29:
602 2843 622 2924 ἡ
640 2842 752 2924 γνώμη
769 2866 868 2924 νομο-

335 2949 432 3012 viimo

379 3055 409 3120 7.
436 3054 508 3137 157,
523 3054 578 3120 30:
603 3057 622 3138 ἡ
647 3057 818 3139 πηλικότης

379 3162 408 3228 8.
437 3162 556 3244 158,1;
579 3163 615 3226 τὸ
639 3164 721 3246 πρός
742 3188 769 3226 τι

380 3268 409 3334 9.
437 3269 509 3350 158,
523 3270 556 3335 6:
581 3271 659 3353 αὐτὴ
677 3273 696 3353 ἡ
711 3271 871 3354 ἀντίληψις
969 3266 998 3330 2.
1022 3266 1177 3352 344,10;
1208 3268 1282 3353 ipso
1313 3266 1457 3352 qualitas

383 3375 431 3440 10.
460 3376 531 3458 158,
553 3376 586 3441 7:
631 3379 651 3459 ἡ
697 3379 871 3460 μετάληψις
925 3373 1091 3457 absoluto,
1124 3395 1210 3461 quae
1242 3374 1382 3441 solvitur
1416 3395 1458 3440 ox

336 3485 522 3547 ἐνστάοει
552 3485 611 3566 μὲν
642 3486 671 3548 εἰ
703 3485 870 3569 ἐγχωροίη,
925 3483 1019 3567 parto
1051 3482 1255 3548 accusatoris
1290 3484 1351 3548 aut
1382 3502 1458 3546 no·

337 3591 383 3653 ὅτι
407 3591 482 3654 οὐδὲ
505 3592 628 3665 ἔξεστιν,
924 3591 1122 3674 gationo,
1155 3592 1194 3654 ut
1224 3592 1325 3671 negot
1348 3588 1455 3668 licere,

382 3699 739 3780 ἀντιπαραστάσει
767 3699 802 3762 δὲ
825 3701 870 3763 ὅτι
970 3697 1031 3760 aut
1059 3696 1272 3782 opposito,
1296 3695 1458 3777 1111110111,

336 3807 366 3869 εἰ
397 3806 450 3868 καὶ
485 3807 607 3880 ἔξεστιν,
636 3806 702 3870 ἀλλ’
733 3807 793 3870 οὐκ
821 3807 871 3870 ἐπὶ
926 3802 989 3868 etsi
1019 3802 1157 3887 licuerit,
1192 3823 1259 3868 non
1290 3805 1404 3870 tamen
1423 3802 1460 3868 in

336 3913 466 3985 τούτοις,
490 3911 565 3975 οὐδὲ
588 3919 722 3976 τοιαῦτα.
926 3909 1106 3996 perniciem
1121 3911 1316 3996 oportuisse.
1341 3908 1387 3975 Cf.
1403 3908 1459 3975 lin.

926 4018 970 4084 27
994 4038 1063 4103 sqq.

386 4142 435 4208 11.
462 4143 609 4225 158,10:
633 4145 652 4226 ἡ
677 4145 831 4215 ἀντίθεσις
973 4142 1047 4226 344,
1066 4142 1115 4228 13,
1134 4142 1192 4208 30:
1217 4163 1238 4206 a
1262 4161 1392 4206 summo
1416 4139 1461 4205 ad

927 4270 1032 4316 unum
