3198 5054
771 394 988 459 ..94-

405 574 434 639 3.
460 572 570 654 Quint.
586 573 615 640 II
641 574 690 654 lb,
707 572 762 637 14:
791 573 1043 654 »Hermagorae
1070 571 1126 655 qui
1141 569 1245 634 finem
1266 569 1337 634 eius
1362 589 1437 634 esse

317 681 366 746 ait
388 679 652 766 persuasibiliter
679 679 814 745 dicere«
865 679 909 744 Oi.
931 677 960 742 ΙΙ
986 678 1034 759 15,
1047 677 1106 741 22:
1150 704 1180 742 ».
1205 727 1211 740 .
1236 727 1242 741 .
1267 674 1439 740 Cornelius

316 786 442 871 Celsus,
475 787 531 872 qui
562 785 665 854 finem
698 785 880 851 rhetorices
909 785 958 850 ait
988 784 1096 850 dicere
1119 781 1381 869 persuasibiliter
1403 783 1440 846 in

318 893 420 960 dubia
445 893 532 958 civili
556 894 724 960 materia«
774 892 870 974 (Just.
884 891 1054 973 Woehrer‚
1081 891 1129 956 De
1145 893 1183 955 A.
1197 888 1337 955 Cornelii
1353 888 1440 954 celsi

316 1001 490 1067 rhetorica.
522 999 742 1066 Vindobonae
770 999 854 1065 1903
878 998 1072 1084 p.134sq.)

406 1107 437 1172 4.
466 1106 558 1172 Sext.
586 1103 678 1192 Emp.
706 1104 781 1172 adv.
806 1105 909 1171 math.
934 1105 963 1170 II
991 1105 1048 1170 62:
1094 1105 1296 1188 Ἑρμαγόρας
1321 1105 1439 1168 τελείου

320 1217 456 1297 ῥήτορος
484 1217 577 1296 ἔργον
606 1213 682 1278 εἶναι
713 1215 796 1296 ἔλεγε
824 1214 859 1276 τὸ
886 1214 977 1277 τεθὲν
1004 1213 1164 1276 πολιτικὸν
1193 1214 1315 1295 ζήτημα
1345 1212 1440 1274 διατί-

319 1322 437 1384 θεσθαι
460 1322 540 1384 κατὰ
563 1321 599 1384 τὸ
623 1322 830 1403 ἐνδεχόμενον
853 1326 1026 1391 πειστικῶς.

408 1428 437 1492 5.
461 1429 601 1508 August.
622 1447 652 1512 p.
671 1426 744 1511 138,
754 1426 813 1492 29:
856 1426 962 1491 »Dicit
986 1425 1074 1490 enim
1099 1446 1172 1490 esse
1197 1425 1337 1490 oratoris
1361 1423 1441 1488 offi-

319 1533 406 1600 cium
429 1527 639 1619 persuaderess
670 1537 838 1619 quatenus
861 1554 971 1598 rerum
994 1536 1028 1597 et
1051 1551 1267 1618 personarum
1293 1530 1441 1596 condicio

318 1641 482 1726 patitur‚1)
507 1639 687 1706 dumtaxat
708 1642 742 1705 in
767 1639 919 1705 civilibus
943 1638 1224 1724 quaestionibus«

411 1748 441 1814 6.
466 1748 599 1814 Fortun.
622 1769 652 1834 p.
676 1747 781 1831 81,4:
831 1745 935 1828 »Quid
967 1750 1020 1812 est
1049 1747 1240 1812 rhetorica?
1274 1745 1359 1810 bene
1391 1745 1442 1810 di-

321 1852 416 1920 cendi
440 1854 589 1920 scientie.
611 1856 622 1939 γ
645 1853 730 1934 Quid
754 1858 806 1920 est
829 1854 968 1920 orator?
992 1853 1174 1919 virbonus
1199 1851 1329 1918 dicendi
1356 1853 1442 1938 pori·

319 1965 386 2025 tus.
402 1961 414 2047 s
432 1958 528 2040 Quod
551 1967 603 2026 est
627 1961 769 2026 oratoris
794 1960 966 2026 officium?
990 1960 1076 2025 bene
1101 1958 1208 2024 dicere
1231 1960 1266 2024 in
1290 1959 1442 2025 civilibus

322 2066 585 2153 quaestionibus.
603 2068 614 2152 l
633 2067 695 2146 Qui
717 2067 824 2132 finis?
848 2069 1059 2153 persuadere,
1085 2069 1252 2152 quatenus
1274 2087 1385 2131 rernm
1409 2069 1443 2130 et

320 2194 538 2259 personarum
563 2173 709 2240 condicio
733 2175 891 2260 patietur,
920 2177 954 2239 in
983 2172 1135 2240 civilibus
1159 2173 1440 2260 quaestionibus«

410 2282 440 2346 7.
463 2279 521 2365 Iul.
544 2281 628 2347 Viot.
656 2304 686 2368 p.
711 2281 785 2364 373,
800 2283 836 2348 2:
886 2281 1054 2347 »Oratoris
1087 2281 1231 2346 officium
1260 2284 1312 2344 est
1338 2280 1374 2344 in
1403 2301 1443 2345 ea

321 2389 528 2473 quaestione,
553 2410 640 2475 quae
661 2393 817 2454 versatur
840 2389 875 2454 in
899 2388 1042 2470 negotiis
1067 2388 1229 2470 civilibus,
1253 2408 1352 2473 posse
1368 2408 1444 2473 pro·

321 2493 426 2560 babili
448 2498 484 2561 et
508 2500 589 2582 apta
612 2496 655 2561 ed
677 2495 948 2590 persuadendum
972 2496 1121 2562 oratione
1144 2496 1221 2560 uti«

410 2601 440 2669 8.
466 2601 652 2688 SulpViot.
673 2624 703 2688 p.
725 2603 873 2684 313,14:
908 2601 1092 2668 »rhetorice
1124 2606 1176 2669 est
1206 2603 1290 2668 bene
1314 2601 1444 2667 dicendi

323 2708 463 2774 scientia
486 2709 520 2773 in
545 2709 742 2794 quaestione
768 2709 883 2774 civili«

414 2815 473 2878 9e.
500 2815 859 2902 Sopat.W.V15,17:
884 2820 914 2881 oi
937 2819 971 2881 δὲ
994 2819 1065 2899 περὶ
1085 2818 1287 2900 Ἑρμαγόραν
1310 2819 1444 2900 δύναμιν

322 2929 377 2986 τοῦ
401 2921 436 2985 εὖ
460 2923 557 3004 λέγειν
579 2925 616 2987 τὰ
639 2924 780 2988 πολιτικὰ
805 2927 973 3008 ζητήματα.

268 3027 269 3031 ¹
413 3027 473 3093 91).
498 3029 543 3094 Of.
559 3029 610 3096 W.
631 3030 676 3096 IV
705 3031 757 3113 25,
771 3033 807 3096 8:
860 3033 1022 3114 Ῥητορική
1058 3033 1119 3095 εότι
1154 3033 1287 3114 δύναμις
1319 3031 1442 3113 τεχνικὴ

322 3137 462 3200 πιθανοῦ
485 3138 582 3220 λόγου
604 3140 637 3202 ἐν
652 3140 802 3221 πολιτικῷ
822 3142 984 3222 πράγματι
1000 3139 1087 3209 τέλος
1102 3141 1219 3221 ἔχουσα
1235 3139 1271 3201 τὸ
1287 3137 1322 3202 εὗ
1338 3139 1442 3219 λέγειν.

416 3243 464 3308 10.
495 3242 582 3310 Max.
610 3243 750 3310 Planud.
771 3244 823 3311 W.
845 3243 875 3309 V
897 3245 1046 3328 213,16;
1097 3245 1137 3310 Οἱ
1167 3246 1201 3309 δὲ
1226 3245 1443 3329 Ἑρμαγόρειοι

324 3352 434 3420 οὕτως·
467 3352 599 3434 δύναμις
629 3354 701 3435 περὶ
732 3354 827 3436 λόγον
857 3354 943 3424 τέλος
978 3357 1095 3435 ἔχουσα
1129 3353 1164 3418 τὸ
1199 3355 1332 3426 πείθειν,
1369 3355 1442 3420 ὅσον

325 3458 487 3539 ἐφ’ἑαυτῇ.
940 3471 945 3481 ’

414 3561 466 3628 Ex
500 3563 551 3628 his
583 3563 663 3628 locis
696 3568 851 3650 quartum
884 3570 917 3632 et
949 3567 1103 3651 quintum
1134 3567 1174 3630 ad
1207 3565 1444 3649 Hermagoram

325 3668 419 3737 illum
449 3670 656 3757 praeclarum
687 3671 876 3738 referendos
905 3694 978 3738 esse
1011 3694 1112 3759 supra
1146 3694 1177 3759 p.
1195 3673 1241 3739 ’88
1250 3694 1297 3759 sq.
1330 3676 1442 3738 osten-

326 3775 442 3844 dimus
498 3777 625 3858 Quibus
648 3779 718 3843 nixi
742 3799 817 3843 cum
840 3778 985 3865 reliquos
1018 3778 1061 3845 ad
1092 3779 1166 3845 iilos
1198 3778 1379 3865 explendos
1412 3785 1443 3844 et

327 3885 574 3952 confirmandos
597 3886 631 3950 in
656 3887 938 3971 comparationem
954 3907 1124 3968 vocamus⁷
1149 3886 1233 3951 haec
1247 3887 1442 3952 invenimus

418 4133 497 4200 1)(]1,
523 4133 633 4188 Philod.
657 4133 972 4200 rhet.126,13:’n0«cr
997 4131 1021 4186 δ’
1034 4133 1111 4186 αἰτοῦ
1135 4135 1180 4204 (sc.
1204 4138 1250 4188 τοῦ
1274 4133 1391 4206 ῥήτορος)
1414 4134 1442 4187 τὸ

326 4219 407 4285 τέλος,
426 4221 440 4273 ὁ
461 4224 534 4293 φέρει
551 4226 604 4274 τῶν
621 4221 786 4294 πραγμάτοιν
803 4222 816 4274 i
839 4222 919 4292 φύσις.
940 4263 946 4277 .
967 4263 972 4277 .
993 4263 999 4277 .
