3198 5054
606 597 851 664 -153-

214 776 242 844 5.
262 776 529 861 172,5;ἡγνώμη
538 783 594 842 τοῦ
602 802 701 862 νομο-
802 777 831 842 3.
856 777 1002 860 337,16;
1020 798 1101 843 ..ex
1113 776 1291 843 voluntate

169 885 265 949 θέιοο
304 886 404 967 κοινή,
442 886 472 947 τί
506 886 703 968 βουλόμενος
756 882 955 967 legislatoris

169 997 260 1055 τοῦτο
284 991 443 1056 ἐκώλυσεν
474 993 493 1056 ό
516 993 702 1075 νομοθέτης.

215 1099 335 1182 ὁμὲν
364 1099 530 1163 διώκων
558 1100 629 1182 ἐρεῖ,
658 1099 704 1162 ὅτι
804 1100 1041 1165 aecusator
1085 1098 1173 1164 enim
1213 1096 1293 1163 dicit

170 1207 287 1270 ἀνελεῖν
310 1207 506 1289 βουλόμενος
533 1205 568 1269 τὸ
595 1206 704 1276 ἁπλῶς
757 1203 849 1270 illam
858 1203 1068 1272 voluntatem
1078 1204 1184 1271 fuisse
1192 1205 1291 1288 legis-

170 1313 223 1377 καὶ
235 1313 423 1383 ἀνευθύνως
436 1313 611 1395 διαβάλλειν
624 1313 703 1376 ὁντι-
757 1311 885 1395 latoria,
917 1333 960 1378 ne
988 1313 1063 1400 quis
1087 1313 1222 1379 omnino
1246 1311 1292 1378 ei-

170 1427 268 1484 ναοῦν
282 1425 347 1482 τῶν
362 1420 508 1492 πολιτῶν,
525 1419 649 1502 ἐφ’ὅτῳ
665 1422 704 1482 ἂν
758 1418 851 1485 vium
874 1419 1070 1486 laederetur.

171 1527 258 1591 αὐτοὶ
282 1527 434 1591 ἐθέλωσιν
458 1527 636 1609 ἐγκλήματι,

215 1636 234 1699 δ
269 1632 347 1698 δἀὗ
386 1634 538 1716 φεύγων
576 1634 614 1696 οὐ
654 1632 705 1696 διὰ
803 1631 1292 1716 Reusverooontenditlegis-

169 1748 262 1806 τοῦτο
292 1742 363 1824 ἐρεῖ,
392 1740 705 1822 ἀλλ’ἕπιστρίφεσθαι
758 1739 899 1806 latorem
911 1739 974 1806 hoc
990 1739 1147 1822 voluisse,
1161 1761 1203 1806 ne
1218 1740 1292 1826 quis

169 1849 229 1931 μὲν
249 1848 364 1919 αὐτοὺς
387 1848 438 1911 διὰ
458 1854 513 1930 τῆς
528 1847 705 1929 κωμῳδίας
758 1847 856 1914 facile
876 1848 1113 1930 nominaretur,
1130 1847 1293 1913 sedunus

170 1955 325 2038 ἐβούλετο,
342 1957 462 2019 οὔκουν
477 1955 576 2019 ἀνεῖλε
587 1954 704 2018 παντά-
760 1955 899 2042 quisque
928 1953 1076 2020 moribus
1100 1955 1170 2020 suis
1192 1955 1292 2020 intel-

171 2086 247 2127 πασι
268 2063 325 2145 τὴν
348 2062 535 2144 κωμῳδίαν,
558 2061 703 2144 δπομνή·
758 2061 931 2146 legeretur.
976 2060 1085 2127 Maius
1108 2062 1143 2127 in
1167 2082 1205 2127 eo
1230 2065 1291 2140 est,

170 2193 254 2252 ματα
298 2169 333 2233 δὲ
377 2176 441 2239 τοῖς
484 2169 564 2251 μετὰ
609 2173 704 2231 ταῦτα
760 2172 799 2235 ut
832 2169 860 2235 si
885 2169 950 2234 iste
975 2168 1105 2235 dicatur
1128 2167 1183 2233 vel
1206 2189 1294 2234 acer·

172 2278 394 2361 γενησομένοις
410 2279 429 2359 ἢ
444 2283 509 2346 τοῖς
527 2276 596 2339 τότε
616 2274 705 2340 οὖσιν
758 2277 835 2343 bius
867 2278 969 2342 etiam
1001 2277 1158 2362 operatus
1189 2275 1293 2341 fuisse

172 2385 359 2467 ἀνθρώποις
395 2384 556 2466 λοιδορίαν
594 2385 705 2465 ἔχοντα
760 2405 861 2471 quam
891 2384 947 2450 lex
976 2382 1191 2471 prohibuerit,
1218 2404 1293 2448 cum

172 2496 236 2554 τῶν
258 2490 395 2554 πολιτῶν
416 2514 500 2560 τινος
527 2490 587 2553 οὐκ
611 2489 705 2572 aeot-
760 2491 807 2557 sie
836 2491 872 2555 in
895 2512 1004 2556 mores
1026 2490 1171 2556 hominis
1193 2489 1295 2556 fuerit

170 2598 239 2662 λετο
263 2596 348 2661 εἶναι.
378 2597 424 2680 μὴ
454 2598 556 2660 ὄντων
581 2597 615 2660 δὲ
642 2603 706 2661 τῶν
759 2599 923 2682 ἰανοοίαε,
940 2601 981 2663 ut
994 2596 1036 2671 de
1049 2598 1293 2664 nominenemo

172 2703 341 2786 ὀνομάτων
379 2705 398 2787 ἡ
436 2705 496 2786 μὲν
531 2704 704 2788 ἐπιστροφὴ
761 2704 939 2772 dubitaret.

172 2812 284 2892 γίνεται
307 2810 358 2874 διὰ
380 2816 446 2874 τῶν
465 2812 661 2892 προσώπων,
685 2813 704 2893 ἡ

173 2918 207 2980 δὲ
230 2920 273 2988 εἰς
294 2917 348 2981 τὸν
369 2917 448 3000 μετὰ
471 2923 565 2980 ταῦτα
589 2919 707 3001 χρόνον

170 3026 281 3107 μνήμη
303 3025 496 3108 περιῄρηται,
519 3026 574 3088 καλ
589 3027 608 3106 ἡ
625 3025 707 3108 πρὸς

171 3130 246 3201 τοὺς
274 3131 388 3202 ἄλλους
415 3132 612 3215 ἀνθρώπους
636 3133 706 3196 δια-

171 3237 262 3320 θθλή·
706 3279 710 3288 ·

217 3342 246 3408 6.
274 3343 419 3427 172,17;
444 3347 463 3427 ἡ
487 3345 657 3428 πηλικότης

216 3452 246 3517 7.
273 3451 420 3535 172,18:
451 3453 470 3516 ὁ
497 3454 600 3535 βίαιος
630 3453 707 3536 ὅρος

217 3560 246 3623 8.
274 3559 420 3640 172,19;
443 3561 478 3625 τδ
501 3562 584 3645 πρός
605 3585 632 3624 τι

217 3664 246 3730 9.
269 3669 289 3748 ἡ
314 3668 468 3737 ἀντίθεσις

221 3770 268 3835 10.
293 3774 312 3854 ἡ
335 3773 510 3855 μετάληψις

221 3876 269 3942 11.
293 3881 313 3961 η
338 3879 498 3961 ἀντίληψις

787 3986 817 4052 4.
842 3986 916 4069 337,
931 3985 990 4051 23:
1006 3985 1193 4051 voluntatis
1213 4005 1294 4050 eon-

787 4093 916 4158 iectura

220 4162 269 4229 12·
293 4167 313 4248 ἦ
337 4165 466 4248 ποιότης
488 4190 517 4229 ³⁶·
541 4166 560 4247 ἦ
586 4165 697 4248 γνώμη
788 4201 817 4266 5.
842 4198 990 4280 337,29:
1029 4197 1176 4284 qualitas
1215 4219 1294 4263 con-

789 4305 924 4372 elusiva.
